2025 3409
344 59 549 111 CARMINUM
566 61 616 113 IV.
636 62 674 111 lt.
901 66 933 111 83

251 141 322 196 uum
340 142 428 195 saevit
444 141 665 208 horrendamque
682 141 763 197 cultis

286 216 423 270 Diluviem
441 217 595 271 meditatur
611 217 692 284 agris,

216 290 258 345 Ut
275 290 456 346 barbarorum
474 292 607 347 Claudius
623 294 733 360 agmina

216 365 333 420 Ferrato
350 371 428 422 resto
445 368 532 423 diruit
548 369 656 437 impetn
909 385 933 427 tt
951 378 956 385 ’

251 442 415 512 Primusque
431 448 461 498 et
478 448 616 498 extremos
634 444 763 498 metendo

285 519 391 573 Stravit
407 520 521 573 humum
538 519 598 574 sine
615 519 692 573 clade
709 520 805 588 victor,

214 591 254 647 Te
271 595 369 662 copiae,
386 598 416 648 te
433 595 576 649 eonsilium
593 600 623 648 et
638 598 703 649 tuos

214 666 370 723 Praebente
388 670 471 725 divos.
506 671 533 724 N
535 687 579 724 am
595 670 656 737 tibi,
674 686 729 739 quo
747 669 792 723 die
822 685 826 691 ·

249 743 349 798 Portus
368 746 545 799 Alexandrea
561 746 676 814 supplex
906 761 931 802 ts

282 820 320 873 iit
337 836 450 875 vacuam
467 821 599 889 patefecit
615 821 714 889 aulam,

213 893 336 949 Fortuna
352 896 439 950 lustro
457 912 589 965 prospera
605 896 690 950 tertio

213 968 283 1024 Belli
301 972 435 1025 secundos
451 972 576 1025 reddidit
593 972 691 1036 exitus,

245 1046 425 1116 Laridemque
443 1052 473 1101 et
490 1050 617 1117 optatum
634 1048 753 1115 peractis

281 1122 410 1191 Imperiis
427 1122 512 1177 decus
528 1123 673 1190 arrogavit.
904 1140 928 1181 so

212 1196 251 1251 'Pe
268 1197 407 1252 Cantaber
423 1215 477 1251 non
495 1202 561 1252 ante
577 1197 721 1252 domabilis

214 1272 369 1342 Medusque
387 1277 418 1327 et
436 1273 531 1340 Indus,
548 1276 577 1326 te
594 1273 725 1341 profugus
743 1273 856 1343 Scythes

245 1348 371 1417 Miratur,
391 1364 406 1402 o
425 1348 514 1402 tutela
530 1364 660 1417 praesens

281 1423 379 1477 Italiae
396 1424 578 1492 dominaeque
596 1423 706 1480 Romae.

210 1498 249 1553 'I'e
265 1497 382 1552 fontium
400 1499 447 1568 qui
464 1500 537 1553 celat
553 1499 672 1566 origines
899 1516 923 1557 ss

211 1574 345 1643 Nilusque
363 1578 393 1628 et
412 1576 491 1639 Ister,
509 1578 539 1628 te
555 1575 668 1643 rapidus
685 1575 781 1644 Tigris,

244 1650 283 1703 re
300 1650 436 1703 beiluosus
454 1652 502 1719 qui
519 1651 631 1704 remotis

279 1726 422 1794 Obstrepit
440 1726 565 1779 Oceanus
582 1726 729 1795 Britannis,

210 1801 249 1856 Te
267 1817 322 1855 non
339 1802 464 1871 paventis
480 1802 578 1855 funera
596 1802 701 1855 Galliae

208 1877 357 1947 Duracqne
375 1878 456 1931 tellus
473 1876 552 1932 audit
571 1877 712 1945 Hiberiae,
898 1897 922 1938 to

242 1953 279 2007 Te
297 1954 380 2006 caede
397 1953 550 2021 gaudentes
567 1952 702 2020 Sigambri

276 2029 439 2097 Compositis
457 2033 623 2083 venerantur
640 2029 729 2085 armis

465 2162 529 2219 XV.

206 2244 340 2300 Puonens
359 2244 494 2299 volentem
511 2244 615 2313 proelia
631 2260 676 2297 me
693 2243 768 2314 loqui

204 2321 299 2374 Victus
317 2324 346 2374 et
363 2321 446 2375 urbes
463 2320 597 2388 increpuit
615 2321 680 2387 lyra,

238 2396 264 2449 N
267 2413 282 2449 e
298 2412 383 2463 parva
401 2396 571 2464 Tyrrhenum
588 2411 638 2462 per
655 2412 758 2464 aequor

271 2470 341 2524 Vela
358 2471 460 2525 darem.
489 2471 554 2537 Tua,
573 2470 680 2538 Caesar,
699 2478 775 2525 actas

202 2545 307 2613 Fruges
325 2550 355 2600 et
373 2546 446 2613 agris
463 2545 573 2599 rettulit
590 2544 690 2597 uberes
902 2559 917 2603 r

203 2620 240 2674 nt
257 2621 334 2689 signa
351 2627 444 2674 nostro
461 2620 584 2675 restituit
602 2619 665 2673 Jovi

236 2696 359 2765 Derepta
378 2695 542 2749 Parthorum
559 2694 683 2763 superbis

271 2772 406 2838 Postibus,
425 2775 453 2824 et
471 2786 586 2824 vaenum
603 2769 701 2823 duellis

198 2844 301 2899 Janum
320 2846 425 2911 Quirini
443 2846 548 2912 elausit,
567 2849 597 2898 et
613 2844 737 2899 ordinem

200 2919 316 2974 Rectum
336 2922 462 2987 eroganti
481 2922 559 2973 irena
576 2919 701 2973 licentiae
888 2936 912 2979 ιο
990 2947 991 2952 =

229 2995 335 3063 Injccit‚
355 2996 510 3061 emovitque
528 2995 627 3060 culpas,
989 2991 990 3002 ¹

269 3070 306 3122 Et
324 3072 431 3121 rctercs
449 3066 677 3119 revocantem·

94 3134 110 3180 8
