2025 3409
365 67 519 118 HORA'I'II
537 67 667 117 FLAcoI

227 151 384 206 Terminum
402 149 474 203 curis
491 163 577 217 vagor
593 148 738 219 expeditis,

263 224 347 294 Fugit
363 225 505 293 inormem,

227 301 314 367 Quale
331 304 490 370 portentum
506 316 599 369 neque
616 300 742 355 militaris

227 377 348 432 Daunias
366 377 428 431 letis
445 376 495 430 elit
512 375 666 441 aesculetis,

227 453 286 508 Nee
304 453 394 507 Jubee
412 452 494 506 tellus
511 456 627 521 generet
643 451 751 506 leonum

261 529 350 584 Arids
366 528 468 583 nutrix.

226 603 302 659 Pone
319 620 364 658 me
380 604 466 672 pigris
482 603 531 658 ubi
549 604 625 657 nulls
642 603 746 672 eempis
759 633 817 703 pm
850 648 856 686 ι

227 680 320 734 Arbor
337 680 440 734 aestive
457 682 599 733 recreatur
616 695 690 745 eura,
830 675 841 703 ²
860 656 898 705 ’Β
999 693 1000 750 2

227 755 308 822 Quod
324 756 398 810 letus
414 755 518 821 mundi
528 754 645 808 nebulae
662 754 804 823 malusque

260 831 392 900 Juppiter
407 833 505 898 urget;

226 906 303 961 Pone
320 905 371 960 sub
388 922 471 958 curm
487 904 602 957 nimium
618 904 764 973 propinqui

227 981 296 1036 Solis
314 981 342 1035 in
360 983 435 1035 terre
453 978 581 1033 domibus
597 981 713 1047 negate:

226 1057 315 1113 Dulce
332 1056 472 1110 ridentem
490 1055 610 1123 Lulsgen
627 1053 731 1118 amabo,

260 1130 347 1185 Dulce
364 1130 531 1200 loquentem.

458 1272 571 1328 XXIII.

226 1354 314 1410 V1rss
331 1356 459 1413 hinnuleo
477 1372 523 1410 me
541 1356 643 1423 similis,
662 1356 754 1424 Chloe,

226 1431 374 1497 Quaerenti
392 1431 520 1501 peridem
536 1430 676 1485 montibus
692 1431 757 1488 oviis

260 1508 379 1562 Matrem
396 1524 451 1561 non
470 1506 529 1561 sine
546 1523 616 1561 veno

294 1583 433 1635 Aurmum
451 1584 480 1635 et
497 1581 584 1635 sildee
601 1585 685 1636 metm
1004 1639 1005 1642 ,

225 1652 297 1709 Nam
315 1670 363 1707 seu
379 1654 526 1709 mobilibus
542 1657 615 1710 veris
631 1655 768 1711 inhorruit
923 1666 936 1704 Ι
1005 1697 1006 1722 r

225 1728 371 1785 Adventus
388 1728 461 1783 foliis
478 1746 528 1784 seu
544 1731 648 1785 virides
664 1731 764 1785 rubum

258 1803 405 1859 Dimovere
422 1805 549 1873 lucertee,

295 1880 333 1935 Et
350 1880 432 1935 eorde
450 1884 480 1935 et
496 1880 612 1949 genibus
629 1881 732 1935 tremit.

225 1956 313 2026 Atqui
330 1973 384 2010 non
402 1973 452 2025 ego
469 1961 499 2011 te
516 1957 596 2024 tigris
612 1960 646 2010 ut
661 1971 760 2025 aspere

224 2032 389 2087 (lectulusve
406 2032 450 2086 leo
467 2032 595 2100 frangere
611 2047 775 2100 persequor:
915 2042 941 2081 m

259 2108 381 2162 I'sndem
399 2107 494 2161 desine
511 2111 628 2161 matrem

292 2182 465 2251 'lempestim
482 2183 560 2252 sequi
577 2183 640 2239 rire

457 2325 565 2381 XXIV.

224 2406 293 2471 Qms
310 2406 447 2479 desiderio
465 2409 501 2463 sit
518 2409 607 2477 pudor
623 2413 673 2463 eut
689 2407 788 2461 modus

223 2482 290 2535 'lem
307 2483 363 2535 euri
380 2484 494 2551 capitis?
530 2484 661 2553 Praecipe
678 2482 809 2551 lugubres

223 2556 335 2625 (lentus,
354 2556 535 2626 Melpomene,
553 2559 598 2613 oui
615 2558 747 2628 liquidnm
762 2559 843 2627 peter

257 2632 360 2687 Vocem
378 2649 440 2687 cum
457 2633 562 2688 cithare
579 2632 665 2689 dedit

222 2706 295 2775 Ergo
314 2706 489 2771 Quinctilium
507 2712 657 2777 perpetum
674 2722 754 2776 sopor
926 2720 941 2761 e

221 2779 324 2848 Urget!
343 2780 387 2834 cui
406 2781 500 2835 Pudor
517 2785 548 2837 et
564 2782 696 2836 JustItiee
714 2798 789 2836 soror

223 2855 386 2924 Inconupte
403 2856 487 2911 Fides
504 2858 633 2927 nudeque
651 2857 763 2910 Veritas

256 2931 371 2993 Quando
388 2932 474 2985 ullum
491 2933 615 2988 inveniet
630 2933 741 3000 peremi

221 3004 319 3059 Multis
336 3004 381 3058 ille
398 3005 476 3059 bonis
493 3006 591 3061 flebilis
608 3004 716 3070 occidit,

222 3078 298 3132 Nulli
315 3078 429 3133 flebilior
446 3096 529 3148 quem
545 3080 607 3145 tibi,
625 3078 731 3147 virgili
918 3093 944 3133 sc
