2025 3409
79 52 128 99 mo
355 48 511 97 nouam
528 24 657 98 unbem

79 130 117 183 Et
133 130 238 184 faciunt
254 144 340 198 prope
356 128 435 196 plura
452 128 608 183 dolentibus
626 144 661 183 ex
678 131 776 195 animo,
790 132 834 187 ‘sic

79 205 193 259 Derisor
209 219 275 257 vero
292 203 354 271 plus
371 202 514 258 laudatore
530 206 662 257 movetur.

80 277 172 347 Reges
189 276 318 331 dicuntur
334 277 428 330 multis
445 294 545 345 urgere
562 277 668 331 culullis

80 353 118 407 Et
134 358 265 421 torquere
281 368 359 405 mero
376 368 458 420 quem
475 354 647 421 perspexisse
664 351 798 421 laborant,
893 370 926 410 les

80 428 126 481 An
144 428 181 482 sit
197 428 317 481 amicitia
333 427 446 495 dignus:
462 429 486 481 si
503 428 624 481 carmina
640 428 740 482 condes

80 503 227 572 Nunquam
244 506 274 558 te
290 503 387 557 fallant
402 503 486 556 animi
504 503 555 558 sub
574 503 654 571 vulpe
671 503 796 559 latentes

80 578 211 643 Quintilio
228 580 253 633 si
270 579 337 647 quid
353 578 492 648 recitares,
510 579 643 647 “Oorrige
660 580 741 634 sodes

75 652 165 723 Ήοο,”
182 654 280 723 aiebat,
298 655 348 709 “et
364 654 443 709 hoc:’'
461 654 558 709 melius
577 659 605 709 te
622 672 702 723 posse
720 670 833 723 negares

80 730 129 785 Bis
145 735 244 801 terque
260 734 405 799 expertum
423 729 533 798 sinistra,
551 730 644 785 delere
657 730 776 798 J'ubebat
870 758 874 767 ·

79 805 117 860 ut
132 807 204 861 male
221 810 343 861 tornatos
360 806 452 860 incudi
469 806 588 861 reddere
606 822 708 861 versus.

79 880 108 935 si
127 882 275 936 defendere
292 882 422 936 delictum
439 897 522 949 qnam
539 886 648 936 vertere
666 882 768 951 malles,

80 956 192 1011 Nullum
204 957 277 1011 ultra
287 958 401 1011 verbum
413 960 461 1010 aut
472 973 582 1025 operam
595 956 749 1012 insumebat
760 957 868 1012 inanem

80 1032 152 1097 Quin
170 1034 227 1086 sine
245 1032 321 1087 rivali
339 1036 423 1100 teque
442 1036 471 1086 et
489 1035 538 1086 tua
556 1033 629 1087 solus
647 1049 759 1087 amares.

80 1106 131 1161 Vir
145 1107 231 1162 bouus
247 1112 277 1161 et
292 1108 413 1175 prudens
427 1123 521 1161 versus
537 1107 723 1177 reprehendet
737 1108 847 1176 inertes,
891 1124 928 1163 445

80 1183 208 1253 Culpabit
224 1182 314 1250 duros,
332 1183 477 1251 incomptis
494 1182 597 1237 adlinet
615 1186 707 1237 atrum

80 1258 209 1313 Traverso
226 1259 329 1313 calamo
346 1259 460 1326 signum,
477 1256 620 1312 ambitiosa
636 1259 742 1313 recidet

80 1335 251 1401 Omamenta,
270 1350 366 1403 parum
384 1334 464 1387 claris
482 1332 568 1387 lucem
589 1334 655 1387 dare
674 1338 759 1404 coget,

81 1413 188 1479 Arguat
204 1409 331 1476 ambigue
349 1408 460 1473 dictum,
480 1408 612 1462 mutanda
630 1410 745 1477 notabit,
773 1452 781 1465 ,

80 1485 143 1538 lliet
161 1485 350 1546 Aristarchm;
368 1500 423 1537 non
440 1483 527 1537 dicet:
546 1483 623 1538 “Cur
641 1500 692 1552 ego
709 1486 825 1539 amicum
892 1500 928 1539 len

80 1560 220 1613 Offeudam
238 1559 267 1611 in
285 1559 394 1626 uugisl”
431 1558 493 1612 Hae
510 1574 598 1627 nugae
616 1560 687 1613 seria
704 1560 805 1615 ducent

80 1635 113 1687 In
130 1634 201 1687 mala
218 1634 339 1688 derisum
356 1633 440 1686 semel
459 1639 660 1704 exceptumque
678 1636 795 1690 sinistre.

79 1710 119 1765 Ut
135 1710 206 1763 mala
224 1725 306 1778 quem
325 1706 431 1761 scabies
449 1711 498 1762 aut
517 1710 629 1764 morbus
646 1711 738 1779 regius
758 1716 839 1779 urget

80 1787 139 1839 Aut
154 1785 287 1839 fanaticus
306 1787 429 1839 erraret
446 1784 578 1838 iracunda
596 1785 691 1855 Diana,

79 1861 216 1914 Vesauum
234 1860 359 1927 tetigisse
375 1858 475 1913 timent
493 1859 657 1929 fugiuntque
674 1865 784 1929 po'e'tam
834 1912 837 1917 .
894 1878 930 1919 4⁵⁵

79 1935 132 1999 Qui
149 1936 273 2004 sapiunt3
290 1935 396 2003 agitant
412 1934 490 2003 pueri
508 1935 665 2004 incautique
682 1941 840 2005 sequuntur.

80 2011 141 2078 Hic,
159 2011 225 2064 dum
242 2010 365 2063 sublimis
382 2025 477 2064 versus
494 2012 619 2064 metetur
636 2015 666 2065 et
683 2016 765 2080 errat,

78 2085 109 2139 si
125 2085 211 2142 veluti
228 2084 338 2138 merulis
355 2085 478 2139 intentus
496 2085 600 2140 decidit
617 2102 716 2155 auceps

80 2161 114 2215 In
131 2166 243 2229 puteum
260 2161 407 2228 foveamre,
424 2160 496 2226 licet,
515 2160 712 2231 “Succurrite‚”
730 2163 841 2232 longum

79 2237 192 2305 Clamet,
211 2236 263 2289 “lo
281 2236 382 2291 alvear
399 2252 453 2289 non
472 2237 509 2290 eit
527 2237 574 2304 qui
591 2236 688 2293 tollere
706 2244 791 2293 curet.
895 2260 930 2299 nro

79 2312 109 2366 Si
125 2317 203 2367 curet
220 2311 281 2379 quis
298 2327 378 2379 opem
396 2312 469 2365 ferre
488 2314 517 2365 et
537 2312 683 2367 demittere
701 2314 802 2384 funem,

79 2388 153 2453 “Qui
172 2387 224 2441 seis
240 2404 275 2440 an
292 2387 414 2455 prudens
431 2387 485 2441 huc
501 2403 531 2441 se
548 2387 695 2457 projecerit
712 2393 797 2459 atque

79 2464 187 2518 Seruari
204 2462 304 2517 noliti''
324 2462 421 2529 dicam,
440 2463 577 2531 Siculique
594 2468 692 2532 poetae

79 2539 205 2593 Narrabo
222 2537 372 2592 interitum.
406 2537 482 2591 Deus
499 2538 661 2593 immortalis
679 2540 775 2595 haberi

80 2616 152 2669 Dum
165 2614 239 2683 cupit
251 2613 436 2681 Empedocles,
448 2613 592 2667 ardentem
603 2614 720 2683 frigidus
733 2618 859 2671 Aetnam
893 2631 929 2670 4⁶⁵

80 2690 196 2743 Insiluit
231 2689 273 2743 Sit
287 2688 335 2756 jus
353 2688 487 2757 liceatque
503 2689 593 2757 perire
610 2692 712 2759 po‘e'tis:

80 2765 200 2816 Invitum
218 2764 265 2832 qui
283 2766 375 2816 servat
391 2764 465 2816 idem
482 2762 548 2818 facit
567 2766 708 2820 occidenti.

80 2838 138 2890 Nec
156 2839 238 2890 semel
256 2837 307 2889 hoc
323 2837 395 2901 lecit,
413 2853 464 2890 nec
481 2839 505 2890 si
522 2842 658 2894 retractus
677 2841 730 2896 erit
744 2841 804 2911 jam

80 2910 144 2961 Fiet
161 2910 239 2961 bomo
256 2913 286 2963 et
302 2914 386 2976 ponet
404 2910 523 2965 famosae
541 2914 637 2968 mortis
654 2931 783 2971 amorem.

79 2981 139 3033 Nec
156 2982 222 3034 satis
237 2987 352 3050 apparet
368 3000 417 3037 cur
433 3000 529 3039 versus
545 2988 661 3057 factitet,
679 2995 773 3047 utrum
893 3010 928 3051 ln
1003 3034 1004 3041 κ

80 3053 212 3107 Minxerit
228 3056 257 3107 in
273 3057 377 3121 patrios
394 3057 507 3126 cineres,
526 3077 561 3114 an
580 3064 662 3117 triste
680 3064 805 3121 bidental
