2025 3409
93 40 141 87 200
370 39 524 89 HORATII
541 39 670 89 FLACCI

93 116 241 171 Aemilium
258 119 331 171 circa
347 116 443 172 ludum
461 118 539 173 faber
555 132 626 173 unus
644 121 674 173 et
691 135 796 187 ungues

92 190 238 261 Exprimet
255 196 286 247 et
302 193 400 248 molles
416 194 570 249 imitabitur
587 210 651 249 aere
668 194 787 263 capillos,

92 267 193 321 Infelix
210 268 301 337 operis
319 285 426 323 summa
443 270 508 339 quia
525 286 627 339 ponere
643 272 734 324 totum

91 341 211 398 Nesciet.
248 344 330 399 Hunc
348 361 464 413 egomo‚
485 345 509 399 si
525 339 594 414 quid
608 361 769 414 componere
781 362 887 415 ciuem,
924 363 949 404 ss

90 418 154 472 Non
171 419 259 487 magis
276 436 336 474 esso
354 420 435 474 velim
453 437 537 490 quam
554 437 620 475 naso
638 421 731 475 virere
745 438 838 490 pravo,

90 493 275 563 Spectandum
293 495 378 565 nigris
395 497 480 550 oeulis
497 497 630 566 nigroque
649 497 753 566 capillo.

90 570 196 626 Sumite
214 571 357 625 materiam
376 571 475 626 restris
493 572 541 641 qui
559 571 677 627 scribitis
694 588 811 641 acquam

90 645 204 701 Viribus
223 651 252 701 et
269 653 377 703 versate
395 647 443 701 diu
461 648 528 717 quid
546 648 619 702 ferre
637 650 772 716 recusent,

91 721 165 787 Quid
182 723 290 778 valeant
307 722 422 778 humori.
458 723 510 777 (lui
527 723 599 778 lecta
615 726 744 793 potenter
762 723 817 777 erit
835 740 890 793 res,
922 742 947 779 so

90 797 150 853 Neo
166 798 294 853 facundia
311 800 422 853 deseret
439 799 512 853 bunc
529 816 581 853 uec
598 798 705 853 lucidus
722 799 797 853 ordo.

91 872 204 928 Ordinis
220 873 288 929 haec
305 874 393 929 virtus
411 875 466 929 crit
483 878 513 929 ct
530 891 624 942 renus,
642 878 691 929 aut
709 891 759 942 ego
777 875 864 944 fallor,

90 950 132 1004 Ut
145 950 205 1019 jam
222 967 293 1004 nunc
311 951 386 1005 dicat
398 950 459 1020 jam
475 967 548 1005 nunc
567 950 697 1004 debentia
715 950 776 1015 dici,

91 1025 226 1095 Pleraque
244 1026 353 1080 differat
370 1030 400 1081 et
416 1042 546 1095 praesens
563 1026 592 1079 in
610 1028 719 1093 tempus
736 1026 858 1092 omittat;

90 1100 152 1155 Hoc
170 1106 251 1169 amet,
270 1101 321 1155 hoo
339 1105 452 1171 spernat
468 1101 595 1171 promissi
613 1101 740 1155 carminis
757 1104 859 1156 auctor.
919 1118 945 1158 rs

90 1176 124 1230 In
141 1176 232 1231 verbis
250 1177 333 1232 otiam
351 1177 442 1232 tenuis
459 1181 611 1246 cautusque
628 1176 758 1245 serendis,

90 1251 201 1306 Dixeris
218 1254 330 1322 egregie
347 1257 443 1308 notum
460 1253 484 1307 si
501 1253 601 1308 callida
619 1252 734 1307 verbum

90 1326 257 1384 Reddiderit
270 1329 402 1398 junctura
418 1346 526 1383 norum.
562 1328 591 1383 Si
609 1328 681 1383 forte
699 1344 810 1383 necesse
828 1331 872 1384 est

89 1402 203 1458 Iudiciis
220 1409 373 1459 monstrare
390 1405 547 1459 recentibus
565 1402 661 1458 abdita
678 1420 777 1472 rerum,

22 1508 31 1527 ·
89 1478 207 1547 Fingere
225 1480 353 1534 cinctutis
371 1497 425 1534 non
443 1479 575 1535 exaudita
594 1479 724 1548 Cethegis
918 1496 943 1537 ro

89 1554 243 1623 Continget,
262 1556 428 1625 dabiturque
446 1556 557 1612 lieentia
575 1558 685 1624 sumpta
701 1553 853 1624 pudentem

88 1629 127 1684 Et
142 1647 212 1685 nora
229 1631 348 1701 fictaque
365 1648 453 1700 nuper
468 1631 610 1686 habebunt
627 1630 712 1685 rerba
729 1630 812 1684 fidem
829 1632 853 1685 si

89 1706 193 1761 Graeco
210 1708 286 1762 fonte
303 1707 410 1774 cadent,
428 1724 511 1777 parce
529 1706 648 1761 detorta.
685 1706 758 1771 Quid
774 1709 867 1762 autem

88 1782 207 1837 Caecilio
225 1782 378 1853 Plautoque
396 1783 475 1838 dabit
492 1783 632 1839 Romanus
649 1782 809 1851 ademptum

88 1858 205 1927 Virgilio
223 1859 378 1929 Varioquel
415 1860 473 1927 Ego
491 1876 540 1913 our
558 1858 702 1928 acquirere
719 1875 807 1933 pauca
916 1876 941 1916 ts

88 1934 118 1988 si
134 1951 245 2002 possum
262 1936 391 2005 inrideor‚
408 1952 470 1989 cum
487 1935 582 2003 lingua
599 1934 711 1988 Catonis
729 1936 759 1987 et
777 1933 846 1988 Enni

88 2009 246 2064 Sermonem
264 2012 382 2079 patrium
401 2011 531 2065 ditaverit
549 2014 579 2064 et
596 2025 668 2063 nora
685 2026 778 2063 rerum

87 2086 206 2141 Nomina
221 2088 384 2157 protuleritl
420 2087 510 2141 Licuit
528 2103 690 2155 semperque
708 2085 802 2140 licebit

88 2162 231 2229 Signatum
248 2165 393 2231 praesente
409 2167 474 2216 nota
491 2162 644 2231 producere
662 2177 768 2217 nomen.

88 2237 129 2292 Ut
146 2236 230 2291 silvae
247 2238 318 2292 foliis
335 2253 435 2307 pronos
452 2242 594 2291 mutantur
612 2237 640 2290 in
658 2253 749 2305 annos,
916 2254 939 2293 oo

88 2312 180 2367 Prima
197 2313 313 2368 cadunt:
331 2316 372 2368 ita
389 2312 535 2367 verborum
554 2317 633 2366 vetus
651 2313 748 2372 interit
765 2316 851 2381 aetas,

87 2388 125 2442 Et
138 2388 271 2456 juvenum
288 2389 345 2443 ritu
362 2389 460 2443 florent
478 2388 560 2442 modo
577 2392 643 2442 nata
661 2389 816 2458 vigentque.

87 2462 229 2518 Debemur
245 2465 327 2519 morti
344 2481 393 2517 uos
410 2467 575 2533 nostraque;
592 2464 649 2517 siro
667 2468 796 2533 receptus

87 2539 172 2593 Terra
190 2541 336 2608 Neptunus
353 2539 453 2593 classes
470 2539 643 2607 aquilonibus
661 2544 744 2608 arcet,

87 2613 173 2683 Regis
190 2631 266 2684 opus,
284 2614 418 2669 sterilisve
436 2614 484 2668 diu
501 2614 579 2683 palus
596 2618 715 2684 aptaque
733 2616 816 2670 remis
917 2632 939 2671 tt

87 2690 199 2744 Vicinas
216 2690 298 2747 urbes
315 2690 365 2743 alit
382 2693 412 2744 et
429 2707 514 2759 grave
532 2690 616 2745 sentit
634 2694 763 2758 aratrum,

20 2810 27 2824 „
87 2765 142 2817 Seu
158 2781 267 2818 cursum
284 2766 402 2819 mutarit
419 2766 543 2834 iniquum
561 2765 685 2834 frugibus
702 2766 788 2820 amnis

86 2836 191 2890 Doctus
208 2839 263 2893 iter
280 2838 384 2906 molius,
401 2841 527 2893 mortalia
544 2841 618 2894 facta
634 2842 772 2912 peribunt,

86 2908 197 2962 Nedum
214 2926 368 2965 sermonum
386 2917 443 2968 stet
460 2916 547 2969 honos
564 2920 594 2969 et
610 2918 701 2984 gratia
718 2919 807 2973 vivax.

86 2979 177 3031 Multa
192 2991 369 3039 renascentur
387 2988 532 3054 quaejam
549 2990 682 3059 cecidere,
701 2993 855 3063 cadentque
913 3012 934 3053 ro

87 3050 163 3113 Quae
179 3067 250 3106 nune
267 3059 377 3112 suntin
394 3059 497 3115 honore
514 3063 651 3133 vocabula,
670 3068 693 3121 si
711 3067 785 3124 volet
801 3085 875 3139 usus,
