2025 3409
87 62 132 111 iao
358 57 512 108 HORATII
530 56 658 106 FLAOGI

85 138 267 193 Adversarius
285 140 327 194 ete
346 139 430 203 “Quo
447 142 479 191 tu
495 134 689 205 turpissimel”
707 149 807 203 magna
908 146 934 189 τε

85 214 217 268 Inclamat
233 231 313 278 roce3
330 218 360 268 et
378 214 479 267 “Licet
496 212 628 266 antestari
638 211 662 263 P'
700 210 759 277 Ego
776 224 841 262 vcro

84 288 198 357 Oppono
215 289 369 342 auriculam.
406 288 490 360 ¹Rapit
506 287 535 340 in
549 286 611 354 jus;
629 286 731 339 clamor
747 284 892 353 utrinque;

83 364 213 435 Undique
230 381 383 418 concursus.
419 364 463 417 Sic
480 380 525 417 me
543 362 660 415 servavit
680 360 787 429 Apollo.

493 502 519 557 X

83 589 109 642 N
111 581 187 643 umen
204 588 380 657 incomposito
398 587 456 641 dixi
472 585 544 655 pede
562 600 671 639 currere
689 600 783 638 versus

83 664 177 718 Lucili.
213 665 279 729 Quis
297 673 354 719 tam
373 663 460 717 Lucili
477 663 569 716 mutor
586 663 677 729 inepte
696 667 738 713 est

82 739 123 793 Ut
139 756 194 794 non
211 740 262 793 hoc
278 740 418 794 sulcaturi
455 740 495 792 At
513 738 587 791 idem
604 735 679 805 quod
697 735 753 788 sale
771 734 858 789 multo

82 814 188 869 Urbem
205 815 335 869 defricuit
351 814 447 869 charta
463 814 594 867 laudatur
612 810 714 865 eadem.

82 891 108 944 N
110 907 141 944 ee
148 890 297 953 tamenhoc
305 890 429 945 tribuens
436 890 561 943 dederim
568 903 676 957 quoque
684 891 786 950 aeterra
797 902 861 939 nam
869 886 910 939 sic
924 900 937 941 ⁵

83 967 119 1019 Et
137 966 235 1020 Laberi
252 966 349 1020 mimos
366 971 399 1020 ut
416 966 530 1036 pulchra
547 968 674 1033 poemata
691 963 780 1016 mirer.

82 1042 153 1109 Ergo
170 1058 224 1095 non
241 1042 308 1095 satis
326 1046 369 1096 est
385 1042 443 1094 risu
461 1041 592 1093 diducere
611 1040 710 1094 rictum

82 1118 226 1171 Auditor-is
244 1120 283 1184 (et
300 1122 343 1171 est
360 1116 495 1186 quaedam
513 1120 605 1170 tamen
623 1116 666 1169 hic
684 1130 793 1183 quoque
811 1113 919 1177 virtus).

82 1193 132 1245 Est
149 1192 283 1247 brevitate
301 1210 376 1262 opus,
393 1198 427 1247 ut
442 1197 534 1247 currat
552 1192 688 1245 sententia
704 1206 758 1243 neu
776 1206 806 1243 se

82 1267 220 1336 Impediat
237 1268 328 1322 verbis
346 1268 430 1323 lassas
448 1268 625 1323 onerantibus
643 1283 737 1330 aures3
914 1280 940 1321 lo

82 1343 119 1396 Et
135 1355 259 1398 sermone
277 1361 344 1413 opus
362 1350 406 1398 est
423 1346 503 1398 modo
521 1344 595 1398 tristi
614 1358 694 1410 saepe
707 1340 809 1408 jocoso,

82 1417 254 1473 Defendente
272 1420 358 1473 vicem
377 1421 457 1474 modo
474 1419 593 1474 rhetoris
611 1421 694 1485 utque
711 1420 816 1485 poetae,

82 1492 227 1546 Interdum
245 1494 350 1560 urbani,
368 1495 504 1563 parcentis
522 1493 624 1547 viribus
642 1496 725 1560 atque

82 1567 262 1622 Extenuantis
279 1587 326 1623 eas
343 1570 472 1624 consulto.
510 1568 665 1622 Ridiculum
684 1566 738 1620 acri

82 1642 190 1699 Fortius
206 1645 237 1697 ct
254 1645 349 1698 melius
367 1660 479 1711 magnas
498 1643 660 1711 plerumque
678 1645 751 1695 secet
769 1657 820 1695 res.
913 1656 939 1697 re

82 1719 127 1772 Illi
145 1721 246 1788 scripta
263 1719 362 1789 quibus
379 1719 521 1771 comoedia
540 1718 627 1785 prisca
644 1717 709 1770 viris
727 1721 770 1770 est

82 1794 143 1848 Hoc
161 1795 276 1861 stabant,
294 1795 345 1848 hoc
362 1797 426 1846 sunt
443 1793 585 1857 imitandi;
603 1808 671 1861 quos
689 1808 777 1861 neque
795 1791 912 1860 pulcher

82 1870 268 1938 Hermogenes
285 1886 404 1939 unquam
422 1868 490 1935 legit
507 1884 598 1935 neque
616 1868 710 1919 simius
728 1868 781 1921 iste

81 1945 128 1998 Nil
146 1951 255 2014 praeter
273 1946 384 2000 Calvum
402 1950 432 1999 et
450 1944 546 1997 doctus
565 1946 674 1997 cantare
694 1942 838 1997 Catullum.

81 2016 144 2074 “At
161 2038 287 2089 magnum
306 2022 369 2075 fecit
388 2021 462 2089 quod
479 2019 570 2074 verbis
589 2019 693 2073 Graeca
711 2018 815 2072 Latinis
912 2037 939 2075 eo

81 2096 212 2151 lliscuit.’'
248 2097 271 2149 0
290 2097 342 2150 seri
362 2096 528 2149 studiorum!
547 2096 630 2164 quine
647 2095 751 2162 putetis

80 2172 195 2225 Difficile
213 2174 243 2226 et
260 2173 359 2225 mirum
378 2170 484 2225 Rhodio
502 2170 577 2240 quod
596 2169 762 2224 Pitholeonti

80 2246 220 2316 Contigitl
255 2248 319 2301 “At
336 2264 425 2301 sermo
441 2247 535 2315 lingua
551 2246 697 2299 concinnus
714 2250 831 2314 utreque

79 2323 199 2391 Suarior,
216 2326 249 2377 ut
267 2323 335 2377 chio
353 2328 417 2377 nota
434 2322 457 2376 si
474 2322 622 2376 commixta
641 2320 750 2374 Falerni
768 2320 833 2373 est.”

80 2399 148 2453 Cum
166 2415 260 2453 versus
277 2398 367 2466 iacias,
385 2404 415 2453 te
432 2399 521 2467 ipsum
538 2402 690 2466 percontor,
708 2413 743 2449 an
761 2400 790 2449 et
808 2412 870 2449 cum
908 2414 936 2453 as

79 2474 156 2528 Dura
173 2474 224 2528 tibi
241 2474 399 2543 peragenda
415 2475 456 2527 rei
473 2474 510 2527 sit
527 2490 607 2527 causa
626 2473 737 2526 Petillii

79 2551 187 2604 Scilicet
204 2550 305 2604 oblitus
322 2550 480 2619 patriaeque
497 2550 646 2617 patrisque,
665 2548 763 2601 Latine

79 2626 147 2679 Cum
166 2625 267 2679 Pedius
285 2642 378 2679 causas
396 2625 514 2679 exsudet
533 2624 667 2692 Poplicola
685 2629 768 2692 atque

78 2700 218 2768 Corvinus,
235 2702 331 2769 patriis
348 2701 535 2754 intermiscere
552 2700 640 2767 petita

78 2775 170 2830 Verba
187 2777 252 2830 foris
270 2777 354 2836 malis.
373 2776 500 2830 Canusini
518 2790 594 2827 more
611 2773 757 2841 bilinguisl
905 2791 932 2831 m

78 2854 171 2919 Atque
189 2869 240 2918 ego
257 2868 319 2905 cum
337 2852 455 2905 Graecos
471 2852 588 2904 facerem
605 2853 686 2903 natus
704 2866 779 2903 mare
796 2849 867 2903 citra

77 2925 239 2990 Versiculos,
256 2926 345 2977 vetuit
362 2942 406 2979 me
422 2926 472 2978 tali
488 2940 553 2977 voce
572 2923 709 2991 Quirinus,

77 2998 143 3049 Post
160 2998 279 3050 mediam
296 3003 404 3051 noctem
421 3000 494 3051 visus
512 3014 572 3051 cum
591 2999 695 3051 somnia
712 3014 790 3055 vcra:

77 3065 132 3123 '‘lu
151 3071 244 3122 silvam
264 3086 317 3122 non
334 3072 408 3137 ligna
425 3074 497 3124 lenas
515 3072 633 3125 insanius
651 3089 682 3127 ac
700 3073 723 3127 si
