2025 3409
101 72 132 119 ⁰4
361 68 566 118 CARMINUM
580 67 631 119 IV.
649 70 688 118 15.

234 150 289 204 Per
305 166 374 218 quas
392 149 521 203 Latinum
537 165 637 203 nomen
655 154 686 205 et
702 149 792 203 Italae

233 224 352 279 Ouerore
368 224 439 279 vires
456 225 583 293 famaque
600 227 630 277 et
647 223 745 293 imperi

268 300 398 354 Porrecto.
414 300 546 367 majestas
564 298 601 352 ad
618 303 695 353 ortus

302 374 371 428 Solis
389 374 424 427 ab
443 374 579 443 Hesperio
597 373 686 429 cubili.

233 449 354 504 Custode
371 467 463 503 rerum
482 450 599 504 Caesare
615 466 671 502 non
688 450 763 505 fnror

233 524 326 580 civilis
344 526 450 578 antris
468 525 561 593 exiget
577 523 671 591 otium,

266 600 329 654 Non
348 600 389 653 ira
407 616 477 669 quae
494 599 621 668 procudit
638 616 718 653 ennea

302 676 340 729 Et
356 676 469 729 miseras
486 675 609 729 inimicat
625 675 714 728 nrbes.
939 698 971 736 ιο

232 751 295 805 Non
313 751 359 820 qui
377 750 542 819 profundum
559 750 715 804 Danubium
732 751 833 807 bibunt

231 825 330 881 Edicta
346 829 474 893 rumpent
490 826 510 879 J
512 825 574 893 ulia
591 841 646 879 non
663 826 757 894 Getae,
838 870 840 873 .

264 900 327 955 Non
346 900 426 954 Seres
443 900 555 953 infidire
574 901 682 969 Persae,

245 1014 250 1027 ,
300 974 325 1027 N
328 990 362 1027 on
380 974 483 1028 Tanain
501 991 589 1044 prope
605 975 706 1029 flumen
724 975 785 1029 orti.

230 1050 343 1118 Nosque
360 1053 390 1103 et
406 1051 534 1117 profestis
551 1050 656 1105 lucibus
674 1055 704 1105 et
721 1051 804 1105 sacris
930 1075 963 1114 25

230 1125 310 1180 Inter
322 1124 410 1193 jocosi
427 1142 542 1179 munera
560 1126 652 1180 Liberi
749 1123 755 1132 “

247 1199 335 1267 ,Cum
353 1200 428 1268 prole
445 1202 632 1269 matronisque
650 1200 757 1267 nostris,

298 1274 363 1328 Rite
380 1276 446 1329 deos
463 1276 540 1345 prins
557 1276 703 1345 appreeati,
763 1321 766 1325 Α

229 1350 342 1404 Virtute
358 1350 464 1404 functos
482 1368 558 1405 more
576 1356 685 1419 patrum
702 1351 787 1406 dueen

229 1426 314 1494 Lydis
331 1427 447 1479 remixto
465 1427 583 1480 carmine
601 1426 677 1480 tibiis
924 1450 958 1491 ω

263 1502 426 1571 Trojamqnc
443 1506 472 1555 et
491 1503 629 1557 Anchisen
648 1506 677 1555 et
693 1501 781 1556 almae

297 1576 458 1645 Progeniem
477 1578 595 1633 Veneris
612 1592 748 1632 canemus.
