2025 3409
82 62 130 118 ,98

373 60 527 108 HORATII
545 59 675 109 FLACCI

167 138 306 194 Inachiam
318 141 363 191 ter
375 143 453 191 noete
464 142 552 207 potes,
565 138 630 191 mihi
642 154 752 205 semper
762 136 801 191 ad
811 152 904 191 unum
948 148 973 189 rs

200 213 291 267 Mollis
308 228 382 282 opus.
418 212 518 267 Pereat
535 212 606 265 male
625 229 696 280 quae
713 216 743 265 te

167 287 265 343 Lesbiae
282 291 424 356 quaerenti
443 292 553 341 taurum
572 288 736 341 monstrant
753 286 882 353 inertem,

201 364 270 417 Cum
287 363 353 416 mihi
371 364 443 417 Cous
460 364 572 417 adesset
591 365 733 431 Ammites,

167 438 252 507 Cujus
269 440 297 492 in
314 439 447 493 indomito
465 439 633 493 constantior
649 438 761 507 inguine
778 454 882 491 nervus

201 515 287 579 Quam
304 530 374 567 nova
391 514 504 568 collibus
522 514 604 567 arbor
620 514 752 567 inhaeret.
943 529 972 568 2³

166 590 316 644 hinricibns
334 590 422 659 Tyriis
439 590 556 643 iteratae
574 589 675 643 vellera
692 589 769 642 lanae

201 666 251 720 Cui
268 666 503 737 properabanturl
539 665 600 718 'libi
617 681 723 733 nempe,

165 742 191 795 N
194 759 209 794 c
226 742 298 795 foret
315 740 442 810 aequales
458 742 533 794 inter
550 740 669 807 conviva,
687 738 774 807 magis
792 754 880 807 quem

200 816 334 884 Diligeret
352 816 449 869 mulier
466 833 516 869 sua
533 832 614 884 qnam
631 818 668 869 te.

165 891 189 944 Ο
207 908 258 959 ege
276 908 330 944 non
348 892 420 958 felix,
439 907 520 959 quam
538 896 570 943 tn
587 890 659 957 hrgis
675 892 708 943 ut
724 891 807 957 pavet
824 904 911 943 acres
940 907 969 946 2⁵

199 968 280 1035 Agna
297 966 375 1035 lupos
393 982 561 1034 capreaeque
579 965 685 1019 leones!

477 1107 565 1161 XIII.

131 1188 265 1243 Henaton
282 1193 429 1259 tempestas
447 1190 552 1243 eaelum
571 1188 707 1243 contraxit
725 1192 755 1243 ct
773 1188 883 1243 imbres

163 1265 301 1333 Nivesque
314 1264 452 1318 deducunt
464 1265 483 1318 J
486 1281 579 1329 ovem;
596 1281 669 1318 nune
679 1280 764 1332 mare,
775 1281 848 1317 nune
864 1266 970 1322 siluae

130 1339 254 1393 Threicio
273 1340 408 1407 Aquilone
427 1342 539 1393 sonant:
557 1340 702 1408 rapiamus,
719 1340 807 1406 emim,

163 1415 337 1467 Occasionem
356 1415 391 1467 de
409 1414 463 1482 die,
482 1415 603 1483 dumque
621 1414 711 1468 virent
728 1430 818 1481 genua

129 1489 166 1543 Et
183 1490 271 1553 decet,
289 1488 408 1543 obducta
426 1490 546 1543 solvatur
563 1490 653 1543 fronte
672 1493 805 1543 senectus
953 1512 970 1549 5

163 1565 204 1617 Tu
220 1565 283 1617 rina
301 1565 438 1633 Torquato
456 1580 535 1618 move
553 1566 662 1618 consule
679 1580 774 1633 pressa
791 1581 862 1619 meo.

129 1640 229 1693 Cetera
246 1635 326 1692 mitte
343 1639 433 1714 loqui:
453 1640 522 1693 deus
539 1640 606 1693 hacc
623 1640 739 1693 fortasse
756 1639 883 1707 benigna

163 1715 288 1768 Reducet
305 1715 333 1766 in
351 1715 446 1768 sedem
464 1715 529 1768 viee.
565 1715 645 1768 Nune
663 1719 693 1769 et
711 1714 907 1783 Achaemenio

129 1789 260 1842 Perfundi
278 1790 364 1842 nardo
381 1790 461 1857 juvat
479 1794 509 1844 et
526 1790 582 1843 fide
600 1790 728 1859 Cyllenea

163 1865 266 1918 herere
284 1865 351 1917 diris
368 1868 479 1933 pectora
496 1865 738 1931 sollicitudinibus;
941 1888 969 1926 ιο

127 1939 233 1994 Nobilis
250 1943 283 1993 ut
300 1940 397 2007 grandi
415 1941 515 1993 cecinit
533 1940 687 1994 Centaurus
705 1941 830 1997 alumno:

162 2016 276 2082 Invictc,
295 2016 417 2069 mortalis
436 2016 489 2069 dea
506 2018 571 2069 nate
588 2032 658 2085 puer
676 2016 800 2089 Thetide,

127 2090 164 2144 'le
182 2094 275 2144 manet
293 2090 419 2143 Assaraci
437 2091 527 2159 tellus,
545 2108 627 2158 quam
645 2091 746 2159 frigida
762 2090 839 2159 parvi

161 2166 285 2219 Findunt
304 2166 461 2219 Scamandri
479 2166 591 2221 flumina
608 2167 729 2221 lubricus
746 2173 776 2220 ct
793 2167 913 2237 Simois,

127 2241 208 2295 Unde
225 2240 277 2294 tibi
295 2241 415 2297 reditum
433 2245 507 2296 certo
525 2241 679 2296 subtemine
698 2243 798 2296 Parcae
937 2264 964 2305 ιε

161 2317 278 2384 Rupere,
296 2333 346 2369 nec
364 2321 451 2370 mater
469 2318 577 2369 domum
597 2318 706 2371 caemla
722 2321 752 2372 te
769 2318 896 2375 revehet

127 2392 188 2447 Illic
206 2408 285 2445 omne
304 2391 402 2445 malum
421 2393 483 2444 vino
501 2396 637 2461 cantuque
654 2394 752 2460 levato,

162 2467 298 2519 Deformis
316 2468 496 2533 aegrimoniae
515 2467 639 2521 du'eibus
657 2468 788 2537 alloquiis

479 2605 558 2660 XIV.

194 2688 303 2744 Mennis
320 2688 418 2743 inertia
435 2704 484 2742 eur
501 2692 608 2769 tantam
625 2689 767 2744 diffuderit
783 2689 848 2744 imis

228 2764 399 2817 Oblivionem
417 2762 549 2830 sensibus,

194 2838 293 2891 Pocula
311 2838 445 2891 Lethaeos
462 2840 494 2890 nt
512 2840 535 2890 si
553 2838 681 2893 ducentIa
698 2855 806 2893 somnos

232 2914 333 2963 Arenio
349 2911 426 2963 fauce
443 2912 582 2978 traxerim,

194 2984 316 3036 Candide
334 2984 483 3049 Maecenas,
503 2986 603 3039 occidis
621 3004 703 3057 saepe
719 2992 858 3059 rogando:
939 3016 958 3056 ε

228 3056 310 3120 Dens,
329 3056 397 3108 deus
414 3074 475 3109 nam
494 3074 538 3110 mc
555 3065 632 3114 retat
