2025 3409
349 47 604 97 EPISTOLARUM
621 48 644 97 Ι.
665 50 701 98 12.
904 50 949 99 173

96 128 176 183 Dum
192 128 259 201 licet
275 144 308 183 ac
324 128 431 181 vultum
449 132 541 183 servat
559 128 682 184 Fortuna
699 130 854 198 benignum,
926 146 951 186 ro

97 204 207 266 Romae
224 204 353 259 laudetur
370 203 465 257 Samos
482 208 512 259 et
531 204 612 258 Chios
630 206 660 259 ct
682 206 793 259 Rhodos
810 207 915 261 absens

15 289 17 300 ⁴
97 281 142 334 'lu
160 295 349 349 quamcunque
368 279 437 332 deus
454 279 505 333 tibi
523 279 703 335 fortunaverit
720 280 815 335 horam

97 356 189 410 Grata
207 372 283 409 sume
300 372 390 422 manu,
408 371 462 409 neu
481 354 570 409 diricia
587 355 667 409 differ
684 356 712 409 in
730 373 838 426 annum,

97 430 141 485 Ut
160 447 321 500 quocunque
338 425 398 483 loco
413 430 498 483 fueris
517 431 616 484 vixisse
633 431 752 486 libenter

16 547 17 550 η
97 506 138 561 Te
157 507 248 572 diees3
265 522 328 559 num
346 504 370 557 si
386 506 458 559 ratio
476 509 505 559 ct
522 506 669 575 prudentia
686 524 772 576 curas,
927 523 951 563 al

16 583 37 658 ᾗ
97 581 165 635 Non
182 582 257 636 loeus
275 581 353 634 effusi
368 581 425 636 lete
443 582 526 635 meris
544 582 647 636 arbiter
665 584 763 651 aufert,

98 658 214 712 Caelum
230 674 285 711 non
303 657 422 711 animum
440 660 549 711 mutant
567 658 613 726 qui
631 661 707 712 treus
725 676 801 714 mere
818 663 939 714 currunt.

98 733 220 787 Strenua
237 750 286 786 nos
304 743 414 787 exercet
431 733 543 788 inertia:
561 733 677 787 navibus
694 738 779 803 utque

99 809 247 876 Quadrigis
265 810 383 877 petimus
401 809 472 862 bene
489 809 587 863 vivere.
624 809 704 873 Quod
720 811 794 878 petis
810 810 855 865 hic
872 815 923 879 est,

98 883 152 939 list
169 884 291 951 Ulubris,
309 886 415 938 unimus
433 883 457 937 si
473 888 503 939 te
521 902 575 938 non
593 885 687 939 deficit
704 902 815 954 aequus.
927 903 951 943 so

491 1026 561 1081 XII.
765 957 893 1039 y

96 1111 261 1167 Panormos
281 1109 420 1179 Agrippae
438 1109 535 1163 Siculis
553 1126 621 1179 quos
638 1110 749 1181 colligis,
768 1111 832 1182 Icei,

100 1188 130 1241 Si
148 1192 223 1241 recte
240 1187 340 1240 frueris
358 1203 411 1240 non
429 1189 521 1239 estut
539 1186 616 1253 copia
633 1186 722 1255 major

100 1264 148 1318 Ab
166 1264 237 1317 Jove
256 1262 352 1315 donari
369 1262 457 1330 possit
474 1261 533 1315 tibi.
568 1260 643 1315 'lolle
661 1262 811 1331 querelasr

100 1340 211 1408 Pauper
227 1339 301 1392 enim
318 1354 372 1391 non
390 1341 433 1391 est
451 1338 494 1391 cui
513 1354 604 1391 rerum
623 1339 745 1407 suppetit
762 1355 835 1392 usus.

100 1415 130 1469 Si
149 1415 239 1469 ventri
256 1415 333 1482 bene,
351 1414 374 1466 si
391 1412 471 1467 lateri
490 1417 534 1467 est
550 1412 722 1482 pedibusque
740 1414 803 1482 tius,
822 1413 860 1468 nil
906 1438 919 1457 e
938 1432 950 1471 a

100 1489 221 1544 Divitiae
238 1493 370 1559 poterunt
387 1489 493 1556 regales
511 1489 615 1543 addere
631 1489 728 1558 majus.

101 1565 130 1619 Si
147 1564 219 1620 forte
236 1566 266 1617 in
283 1565 374 1617 medlo
391 1565 541 1631 positorum
559 1565 708 1619 abstemius
725 1564 820 1621 herbis

100 1639 179 1694 Vivis
195 1644 224 1695 et
240 1642 337 1707 urtica,
355 1637 393 1693 sic
410 1640 484 1693 vives
500 1640 626 1708 protinus
643 1642 676 1694 ut
693 1644 723 1695 te

101 1715 252 1770 Confestim
269 1714 390 1784 liquidus
408 1714 546 1770 Fortunae
563 1716 637 1769 rivus
654 1716 777 1783 inauret3

101 1791 154 1845 Vel
171 1792 237 1861 quia
253 1796 379 1845 naturam
396 1794 504 1845 mutere
522 1792 637 1859 pecunia
654 1793 749 1859 nescit,
928 1806 951 1845 lo

101 1867 154 1920 Vel
171 1868 236 1937 quia
253 1870 349 1921 cuncta
365 1870 446 1934 putas
463 1884 518 1920 una
535 1868 637 1921 virtute
654 1868 766 1921 minore.

101 1942 234 1996 Miramur
251 1942 275 1995 si
292 1941 441 1995 Democriti
459 1958 542 2011 pocus
560 1943 618 1996 edit
635 1942 735 2009 agellos

102 2018 236 2087 Cultaque
253 2018 319 2073 dum
335 2034 450 2085 peregre
468 2022 511 2071 est
528 2018 632 2071 animus
651 2019 708 2071 sine
726 2033 838 2085 corpore
855 2016 949 2083 velox;

102 2094 170 2149 com
188 2098 221 2148 tu
237 2093 311 2147 inter
328 2092 446 2146 scabiem
463 2096 568 2147 tantem
586 2097 616 2147 et
633 2093 757 2161 contagia
774 2092 842 2146 lucri

101 2171 147 2225 Nil
164 2186 279 2240 parvum
296 2170 385 2237 sapias
402 2172 432 2222 et
448 2168 539 2222 adhuc
556 2169 681 2223 sublimia
698 2184 788 2223 cures:
927 2183 948 2224 1⁵

16 2279 18 2287 ,
102 2248 178 2312 Quae
194 2263 254 2300 mar
287 2248 458 2330 compescunt
476 2260 578 2330 cgrrsae,
598 2244 665 2313 quid
682 2247 819 2313 temperet
839 2260 948 2314 aunum,

102 2323 202 2377 Stellae
219 2263 317 2391 spssiile
335 2337 384 2373 sua
396 2298 526 2388 jidshene
543 2324 676 2387 vagentur
693 2324 723 2374 et
740 2324 839 2386 errent,

102 2399 173 2463 Quid
190 2400 298 2467 premat
314 2396 458 2449 obscurum
476 2395 564 2464 lunae,
582 2395 649 2464 quid
666 2396 787 2464 proferat
804 2396 905 2461 orbem,

16 2510 18 2528 1
102 2474 173 2538 Quid
190 2472 257 2527 velit
274 2475 303 2527 et
320 2472 407 2541 possit
425 2488 517 2524 rerum
535 2470 678 2525 concordie
695 2470 806 2539 discors,

101 2548 279 2619 Empedocles
296 2566 331 2601 an
349 2548 510 2602 Stertinium
528 2546 628 2601 deliret
645 2563 765 2601 acumen.
924 2564 949 2604 so

100 2625 205 2680 Verum
222 2642 272 2679 seu
287 2626 375 2692 pisces
393 2639 441 2677 seu
457 2639 568 2690 porrum
586 2626 616 2676 ct
632 2639 714 2691 caepe
731 2622 853 2677 trucidas

100 2703 186 2757 Utere
205 2700 334 2769 Pompeio
351 2698 482 2767 Grospho,
500 2702 530 2752 et
547 2698 570 2751 si
588 2698 655 2766 quid
672 2700 748 2766 petet
765 2698 838 2751 ultro
856 2738 859 2743 .

15 2769 19 2810 l
101 2777 200 2844 Defer3
217 2776 254 2829 nil
274 2774 415 2843 Grosphus
432 2773 485 2826 nisi
503 2789 597 2826 verum
615 2772 704 2827 orabit
722 2778 751 2827 et
769 2764 892 2842 aequulm
971 2828 972 2831 ,

101 2854 169 2907 Vilis
186 2853 334 2907 amicorum
353 2854 397 2903 est
413 2864 520 2903 annona
537 2847 615 2901 bonis
633 2847 681 2901 ubi
698 2848 766 2917 quid
784 2849 868 2903 deest

102 2930 142 2984 Ne
158 2933 252 2984 tamen
269 2929 378 2994 ignores
395 2941 448 2993 quo
466 2924 503 2977 sit
522 2924 643 2977 Romana
660 2924 718 2977 loco
736 2941 793 2979 res:
923 2939 947 2981 ro

102 3004 237 3060 Cantaber
254 3002 402 3069 Agrippae,
422 2999 519 3054 Claudi
537 3000 639 3052 virtute
657 2998 775 3052 Neronis

16 3073 17 3122 ἲ
102 3080 248 3138 Annenius
264 3078 378 3139 cecidit;
393 3076 441 3144 jus
458 3074 657 3143 imperiumque
675 3074 813 3135 Phraates,
