2025 3409
359 72 503 123 nnonou
521 74 638 135 umus,
657 77 680 129 r.
910 74 941 124 ss

193 150 284 207 Maius
301 150 411 219 parabo,
428 152 516 205 maius
533 153 675 207 infundam
691 152 743 208 tibi

228 226 392 280 Fastidienti
410 226 544 295 poculum,

193 299 328 370 Priusque
346 301 450 355 caelum
467 303 540 356 sidet
556 302 670 356 inferius
687 302 764 373 mori,

227 376 336 431 Tellure
353 380 479 445 porrecto
496 394 586 446 super,
915 399 941 437 m

192 450 281 517 Quem
298 468 353 505 non
371 468 462 505 amoro
481 453 520 506 sic
537 469 598 506 meo
616 453 715 521 flagres
731 452 774 507 uti

226 526 355 581 Bitumen
373 527 440 580 atris
457 527 589 594 ignibus?
617 559 620 563 »

191 601 250 658 Sub
268 602 337 655 haec
353 618 425 671 puer
437 602 496 670 jam
515 619 569 655 non
586 606 700 657 utente
717 602 844 661 mollibus

225 677 325 731 Lenire
343 677 433 731 verbis
450 677 555 745 impius,

190 752 247 807 Sed
264 752 364 807 dubius
380 752 454 806 unde
472 756 613 820 rumperet
629 753 766 808 silentium
919 774 943 814 rs

225 828 303 882 Misit
321 827 468 896 Thyesteas
484 843 597 895 preces:

169 902 311 969 '‘Veneres,
328 918 457 971 magnum
473 903 516 955 fus
533 902 671 971 nefasque,
690 920 744 955 non
761 902 852 961 rulcnt

224 978 392 1032 Convertere
409 977 554 1031 humanam
572 977 674 1043 ricem3

189 1053 265 1107 Diris
281 1069 361 1121 sevum
378 1069 443 1119 vos;
461 1053 523 1107 dira
539 1053 687 1107 detestatio

223 1128 308 1182 Nulla
324 1127 452 1198 expiatur
468 1128 586 1183 victims
919 1143 944 1184 so

190 1202 263 1269 Quin
280 1202 328 1257 ubi
345 1202 436 1271 perire
449 1202 545 1271 jussus
563 1204 736 1272 exspimroro

224 1279 382 1332 Nocturnus
399 1292 538 1332 occurram
557 1278 645 1332 Furor

189 1353 343 1424 Pelsmque
359 1354 452 1408 vultus
467 1354 566 1408 umbre
583 1355 672 1408 curris
688 1356 833 1426 unguibus,

224 1430 300 1495 Quae
317 1430 359 1483 ris
377 1428 491 1483 deorum
509 1433 553 1483 est
569 1430 697 1497 monium,

188 1506 227 1560 Et
243 1506 373 1575 inquietis
390 1504 515 1559 assidens
530 1505 697 1573 praecordiis
913 1522 937 1563 ss

223 1582 328 1635 Pavore
346 1596 452 1634 somnos
470 1581 599 1635 auferam.

188 1656 246 1711 Vos
263 1657 346 1711 turbu
363 1656 474 1711 vicatim
491 1655 555 1709 hinc
571 1659 601 1709 et
617 1655 681 1709 hinc
699 1657 773 1710 sexis
789 1659 888 1726 potens

223 1732 382 1786 contundet
399 1730 546 1785 obscoenus
563 1746 649 1795 anns3

188 1806 256 1861 Post
272 1806 409 1875 insepulta
426 1805 551 1859 membra
568 1805 697 1861 different
714 1806 770 1873 lupi

222 1882 259 1936 Et
277 1882 434 1949 Esquilinae
451 1881 548 1944 alites3
904 1898 937 1937 roo

186 1956 285 2025 Neque
302 1956 353 2009 hoo
370 1960 499 2024 parentes
516 1955 572 2009 heu
588 1954 654 2008 mihi
672 1955 833 2025 superstites

222 2032 358 2101 Effugerit
376 2029 585 2099 spectaculum

491 2176 543 2229 VI.

186 2259 261 2327 Qum
279 2260 454 2313 immerentes
471 2257 593 2326 hospites
610 2272 693 2311 vexus
709 2256 783 2313 cenis

222 2336 341 2403 Ignoms
359 2334 503 2387 adversum
521 2333 617 2400 luposl

186 2411 258 2476 Quin
275 2409 328 2463 huc
345 2408 446 2475 inanes,
464 2408 487 2461 si
505 2412 591 2476 potes,
607 2407 692 2461 vertis
709 2408 797 2461 mines

221 2486 258 2539 iit
274 2500 319 2538 mo
336 2500 521 2537 remorsurum
538 2483 630 2551 petisl

185 2561 212 2615 N
214 2577 258 2613 um
276 2560 363 2628 qualis
380 2562 428 2613 aut
446 2559 581 2611 Molossus
597 2559 647 2611 sut
662 2556 754 2611 fulvus
771 2556 868 2625 Lacon,
923 2575 937 2614 s

222 2636 318 2689 Amica
335 2635 376 2688 vis
393 2634 557 2703 pastoribus,

185 2711 277 2779 Agsm
293 2727 344 2780 per
360 2710 429 2763 sltss
447 2726 513 2763 sure
531 2708 638 2763 sublate
654 2708 731 2762 uires

220 2786 403 2855 Quaecunque
420 2784 569 2853 praecedet
585 2784 660 2837 fers:

184 2862 227 2916 Tu
243 2878 304 2915 cum
321 2859 446 2913 timenda
463 2876 530 2913 voce
547 2858 690 2926 complesti
706 2874 804 2911 nemus

222 2936 379 3004 Projeotum
397 2935 521 2989 odoraris
539 2934 638 2987 cibum.
913 2945 935 2985 ιο

183 3011 266 3077 (lere,
285 3027 365 3064 cers:
384 3026 502 3077 namque
520 3010 549 3061 in
565 3008 650 3060 malos
667 3006 832 3077 asperrimus

217 3086 320 3140 Parate
338 3084 404 3137 tollo
422 3099 531 3150 comus,
