2025 3409
246 111 364 167 Plutona
380 102 474 178 tauris,
493 113 541 182 qui
558 115 603 167 ter
619 112 740 181 amplum

275 188 419 255 Geryonen
437 188 590 257 Tityonque
606 188 682 242 tristi

211 262 365 331 compescit
382 262 463 331 unda,
482 262 585 318 scilicet
602 262 727 317 omnibus

211 338 371 407 Quicunque
388 342 479 393 terrae
497 355 611 394 munere
629 339 764 393 vescimur
937 352 953 391 rr

244 414 426 483 Enavigands,
445 414 502 469 sive
520 432 598 484 reges

280 489 343 544 Sive
360 490 455 559 inopes
474 491 576 547 erimus
593 491 687 545 coloni.

211 564 327 620 Frustra
345 569 458 621 cruento
476 566 568 621 Marte
586 566 739 621 carebimus

210 640 371 710 Fraetisque
387 641 462 696 rauci
480 641 609 696 fluctibus
627 642 758 707 Hadriae,

244 716 358 771 Frustra
375 734 425 787 per
441 721 600 772 auctumnos
618 721 761 771 nocentem

279 792 444 861 Corporibus
461 797 616 847 metuemus
633 795 783 849 Amnum

212 867 351 921 visendus
368 872 429 923 ater·
445 868 557 923 flumine
573 869 704 937 languido

212 943 325 1012 Cocytos
343 960 437 997 errans
454 948 483 998 et
501 944 590 998 Danai
605 939 694 1012 bonus

245 1020 351 1073 Infame
369 1019 567 1089 damnatusque
585 1020 659 1089 longi

279 1095 408 1163 Sisyphus
426 1096 555 1149 Aeolides
572 1095 681 1151 laboris

211 1170 371 1240 Linquends
388 1170 471 1225 tellus
488 1175 518 1225 et
535 1170 632 1225 domus
650 1176 679 1226 et
695 1172 806 1241 placens

211 1247 295 1314 Uxor,
312 1263 401 1317 neque
419 1247 516 1301 harum
533 1264 602 1317 quas
618 1247 684 1302 eolis
701 1248 829 1302 arborum

244 1323 283 1377 'Pe
301 1326 412 1391 praeter
429 1322 530 1377 invisus
547 1339 690 1392 cupressos

278 1398 343 1452 Ulla
359 1398 470 1452 brevem
488 1398 627 1452 dominum
644 1401 782 1468 sequetur,

212 1472 348 1527 Absumet
364 1473 445 1527 heres
464 1473 589 1528 Caecuba
606 1474 715 1543 dignior

211 1550 324 1603 Servata
341 1552 450 1602 centnm
467 1548 594 1618 clavibus,
612 1554 641 1604 et
658 1564 739 1611 mero

245 1624 343 1690 Tinget
360 1623 542 1691 pavimentum
560 1624 677 1694 superbo

109 38 137 83 ss
381 34 536 82 nonnum
554 33 684 82 rnnch

279 1697 440 1753 Pontificum
457 1700 563 1769 potiore
580 1700 678 1773 coenis

501 1842 562 1896 XV.

210 1923 229 1977 J
231 1942 273 1977 mr
289 1941 376 1995 panca
393 1929 484 1981 aratro
496 1924 597 1993 jugera
613 1926 706 1995 regine

210 2000 298 2054 Moles
314 2001 483 2071 relinquent,
500 2001 622 2069 undique
640 2003 723 2057 latius

244 2076 364 2130 Extenta
380 2077 504 2130 visentur
522 2076 640 2131 Lucrino

278 2151 381 2219 Stagna
397 2151 465 2218 lacu,
482 2151 663 2222 platanusque
681 2151 787 2207 caelebs

211 2227 325 2281 Evincet
341 2226 446 2293 ulmos;
462 2229 524 2281 tum
540 2227 653 2282 violaria
669 2231 700 2282 et

210 2304 317 2369 Myrtus
335 2306 365 2363 et
381 2302 468 2356 omnis
486 2303 563 2372 eopia
580 2303 687 2357 narium

243 2379 381 2447 spargent
397 2377 503 2432 olivetis
521 2378 632 2433 odorem

278 2452 426 2508 Fertilibus
444 2453 554 2508 domino
570 2453 661 2523 priori,

209 2530 278 2583 Tum
296 2530 382 2598 spissa
398 2529 482 2583 ramis
498 2529 592 2583 laurea
608 2530 726 2595 fervidos

208 2605 344 2659 Excludet
360 2606 437 2661 ictus.
472 2604 535 2658 Non
548 2605 591 2659 ita
609 2605 718 2659 Romuli

243 2680 443 2750 Praescriptum
461 2683 491 2734 et
508 2680 608 2734 intonsi
626 2680 737 2735 Ontonia

277 2755 414 2824 Auspiciis
430 2759 608 2824 veterumque
626 2772 728 2809 nomia

208 2830 335 2884 Privatus
351 2832 405 2884 illis
421 2846 519 2884 census
536 2834 596 2884 erat
611 2831 711 2897 brevis,

209 2905 358 2959 Commune
375 2921 519 2971 magnum:
536 2905 611 2958 nulla
628 2905 802 2973 decempedis

244 2978 350 3031 Metata
367 2978 480 3044 privatis
497 2994 608 3044 opacam

279 3048 402 3101 Porticus
420 3050 571 3115 excipiebat
588 3052 700 3119 Arcton,
