2025 3409
348 55 604 105 EPIS'I'OLARUM
616 56 639 104 1.
654 56 676 105 1.
887 54 930 103 161

82 133 147 187 Non
165 138 200 189 ut
215 135 367 204 porticibus
385 136 425 189 sic
437 135 551 204 judiciis
567 135 645 188 fruar
661 134 757 201 isdem,

8 227 9 246 i
84 210 110 261 N
112 226 144 262 eo
162 226 263 279 sequar
280 214 330 265 aut
347 212 450 279 fingiam
468 227 539 279 quae
558 210 649 277 diligit
667 209 725 278 ipse
742 208 784 263 vei
803 207 869 275 odit,

8 295 9 306 ¹
85 286 159 338 Olim
177 286 253 353 quod
271 286 368 355 vulpes
385 291 498 354 aegroto
516 290 598 341 cauta
615 286 688 339 leoni

8 382 9 440 χ
85 360 243 429 Respondit
260 361 392 417 referam:
412 363 483 428 Quia
500 379 545 417 me
562 362 677 429 vestigia
693 364 809 429 terrent,

8 461 9 468 κ
85 436 188 489 Omnia
205 440 235 490 te
253 434 399 491 adversum
417 438 578 506 spectantia,
595 436 669 490 nulla
686 440 843 490 retrorsum.
916 448 939 490 rs

86 511 185 564 Bellua
191 512 341 565 multorum
350 529 381 566 es
387 513 514 581 capitum.
532 514 558 566 N
560 530 604 566 am
610 512 677 582 quid
684 528 783 581 sequar
789 517 838 565 aut
844 512 939 579 queml

86 586 157 640 Pars
175 587 316 641 hominum
333 587 420 656 gestit
436 588 590 643 conducere
607 587 723 657 publica,
741 592 805 642 sunt
822 589 869 655 qui

8 707 9 732 ,
86 662 197 716 (trustis
214 657 248 717 et'
261 665 348 732 pomis
365 664 462 717 viduas
479 668 613 718 venentur
631 679 733 731 avaras,

87 738 289 807 Excipiamque
306 754 385 792 senes
402 756 471 808 quos
488 739 517 792 in
534 740 636 793 vivaria
653 739 780 805 mittant;

86 813 186 867 Multis
203 815 310 868 occulto
326 816 425 869 crescit
441 831 487 869 res
502 815 603 869 fenore.
640 815 744 868 Verum
915 828 939 867 so

86 889 157 943 Esto
174 890 235 943 aliis
253 890 320 943 alios
337 890 419 944 rebus
437 890 589 959 studiisque
607 890 709 945 teneri:

87 965 170 1019 Idem
188 965 286 1019 eadem
303 970 419 1034 possunt
434 965 530 1019 horam
548 966 647 1019 durare
664 966 827 1033 probantesl

87 1040 189 1093 Nullus
206 1041 235 1094 in
253 1041 319 1094 orbe
337 1042 412 1095 sinus
430 1041 505 1094 Baiis
522 1042 661 1110 praelucet
679 1042 805 1108 amoenis,

87 1116 119 1169 Si
137 1115 208 1170 dixit
225 1116 309 1184 dives,
326 1117 401 1171 lacus
418 1120 447 1171 et
465 1133 541 1170 mare
558 1117 642 1170 sentit
659 1132 779 1170 amorem

87 1191 257 1245 Festinantis
273 1192 349 1257 heri;
365 1194 409 1246 cui
426 1192 450 1246 si
467 1193 564 1246 vitiosa
580 1191 665 1245 libido
914 1207 938 1245 ss

87 1266 200 1320 Fecerit
216 1267 373 1336 auspicium,
391 1268 406 1294 “
412 1269 479 1323 Cras
496 1268 663 1321 ferramenta
680 1266 800 1320 Teanum

87 1342 210 1409 Tolletis,
227 1343 321 1397 fabri.”
358 1343 460 1397 Lectus
477 1344 591 1411 genialis
607 1344 636 1395 in
653 1342 716 1395 aula
732 1346 782 1411 est,

86 1417 136 1471 Nil
153 1419 194 1472 ait
211 1434 271 1472 esse
287 1418 372 1487 prius,
388 1419 486 1472 melius
502 1419 542 1472 nil
559 1418 663 1472 caelibe
680 1418 750 1483 vita3

86 1494 190 1547 Sinon
208 1499 252 1547 est
264 1493 343 1562 jurat
360 1493 429 1547 bene
447 1494 512 1547 solis
529 1510 588 1551 esse
606 1492 719 1547 maritis.

85 1569 148 1633 Quo
165 1573 275 1622 teneam
293 1569 385 1623 vuitus
402 1573 556 1623 mutantem
576 1569 676 1623 Protea
693 1569 781 1623 nodol
796 1604 820 1625 f
913 1586 936 1625 eo

8 1669 9 1706 ς
85 1644 162 1709 Quid
179 1647 301 1715 pauperi
337 1645 424 1699 side:
442 1649 532 1698 mutat
549 1645 699 1713 coenacula,
717 1622 808 1713 lec'ffis,

85 1720 198 1787 Balnea,
216 1724 347 1789 tonsores,
365 1720 500 1775 conducto
518 1720 625 1789 navigio
643 1737 729 1789 aeque

9 1799 10 1848 l
84 1795 212 1849 Nauseat
228 1812 260 1849 ac
277 1796 397 1863 locuples
414 1813 496 1865 quem
515 1796 590 1849 ducit
608 1796 684 1865 priva
700 1795 828 1850 triremis.

8 1875 25 1944 Γ
36 1857 75 1916 33¹·
84 1871 116 1924 Si
133 1851 245 1925 eri‘ratus
261 1871 397 1940 inaequali
414 1875 525 1925 tonsore
543 1872 654 1940 capillos

9 1949 10 1970 ³
83 1946 208 2014 0oenrri,
225 1946 315 2012 rides;
331 1947 355 2000 si
371 1947 443 2001 forte
461 1947 592 2001 subucula
609 1963 695 2014 pexae
913 1962 936 2003 as

83 2022 163 2076 Trita
180 2021 276 2076 subest
292 2023 401 2077 tunicae
417 2023 462 2077 vel
479 2024 503 2075 si
520 2027 585 2090 toga
602 2022 716 2076 dissidet
733 2020 826 2091 impar,

83 2098 187 2152 Rides:
205 2098 279 2167 quid,
296 2114 359 2153 mea
375 2115 438 2152 cum
454 2102 559 2168 pugnat
576 2098 711 2152 sententia
728 2114 827 2165 secum,

84 2173 168 2239 Quod
185 2173 268 2241 petiit
285 2174 396 2242 spernit,
414 2175 516 2241 repetit
534 2174 607 2243 quod
626 2189 711 2241 nuper
728 2174 826 2243 omisit,

84 2252 208 2303 Aestuat
225 2253 254 2302 et
271 2250 345 2303 vitae
363 2250 532 2315 disconvenit
549 2249 643 2302 ordine
660 2251 726 2315 toto,

84 2324 186 2390 Diruit,
205 2324 339 2393 aedificat,
356 2328 447 2379 mutat
465 2325 600 2395 quadrata
619 2324 761 2379 rotundisl
901 2341 933 2381 roo

84 2400 212 2453 Insanire
227 2404 309 2467 putas
326 2400 468 2453 sollemnia
483 2417 529 2453 me
546 2416 635 2468 neque
651 2399 734 2468 rides,

84 2474 146 2529 Nec
162 2474 262 2528 medici
279 2475 369 2529 credis
386 2492 436 2530 nec
452 2476 585 2530 curatoris
603 2491 684 2542 egere

84 2555 113 2605 A
130 2555 258 2619 praetore
276 2551 341 2618 dati,
360 2568 452 2607 rerum
468 2552 558 2606 tutela
574 2566 696 2605 mearum

84 2628 156 2682 eum
174 2627 212 2680 sis
228 2630 258 2680 et
274 2643 356 2695 prave
373 2632 478 2681 sectum
495 2626 672 2682 stomacheris
692 2626 727 2680 ob
744 2630 862 2695 unguem

84 2701 129 2756 De
146 2706 177 2756 te
193 2702 346 2771 pendentis,
364 2706 394 2757 te
411 2702 581 2772 respicientis
598 2701 685 2755 amici.
901 2718 933 2759 105

10 2839 11 2842 Ἴ
83 2777 134 2831 Ad
150 2794 296 2831 summam:
315 2778 422 2847 sapiens
439 2795 493 2833 uno
511 2779 598 2831 minor
616 2780 659 2830 est
676 2776 754 2844 Jove,
772 2776 856 2847 dives,

84 2852 177 2920 Liber,
194 2853 349 2922 honoratim,
366 2855 487 2922 pulcher,
504 2870 554 2907 rex
572 2852 689 2920 denique
707 2868 817 2919 regum;

85 2928 236 2997 Praecipue
252 2944 340 2995 sanus,
357 2930 411 2983 nisi
429 2946 491 2983 cum
509 2926 611 2997 pituita
627 2927 742 2983 moleste
759 2933 809 3011 03}-
