2025 3409
107 49 152 96 m
379 47 534 97 HORATII
551 48 681 100 FLACGI

105 124 189 179 Sutor
205 131 274 195 erat,
290 125 398 195 sapiens
416 129 506 196 operis
524 128 563 182 sie
581 130 700 198 optimus
717 128 806 184 omnis

106 201 158 254 Est
174 202 265 269 opifex
281 202 362 270 solus,
379 202 419 256 sie
434 220 492 257 rex.
528 204 643 259 Vellunt
661 205 713 261 tibi
730 204 842 260 barbam

106 275 212 330 Lasciri
228 277 323 344 pueri;
340 293 408 347 quos
425 283 458 332 tu
474 279 527 333 nisi
545 281 619 334 fuste
637 285 746 335 coerces

106 351 222 419 Urgeris
238 351 322 405 turba
338 353 439 407 circum
457 360 487 408 te
505 358 596 409 stante
614 356 751 426 miserque
932 354 953 391 ³³

107 426 253 496 Rumperis
271 431 301 481 et
317 428 410 495 latras,
429 446 587 498 magnorum
606 430 724 485 maxime
741 448 844 501 regum.

106 500 151 556 Ne
168 503 278 571 longum
295 503 405 557 faciam:
423 506 489 557 dum
507 509 540 559 tu
558 506 710 573 quadrante
726 507 847 561 lavatum

107 577 168 631 Rex
185 578 238 632 ibis
256 596 345 647 neque
362 585 392 633 te
410 581 553 649 quisquam
572 582 687 649 stipator
703 582 827 651 ineptum
996 610 997 659 q

108 652 223 707 Praeter
241 654 395 723 Crispinum
414 656 571 723 sectabitur,
590 661 619 710 et
636 657 704 711 mihi
721 657 815 712 dulces
996 660 997 737 l

108 728 254 797 Ignoseent
271 731 294 783 si
312 731 380 799 quid
396 748 510 799 peccaro
529 732 630 786 stultus
648 733 735 799 aurici,
924 744 952 784 aa

108 804 197 873 Inque
214 806 300 859 vicem
317 807 425 860 illorum
443 809 533 876 patiar
550 809 651 861 delicta
668 808 795 879 libenter,

108 879 289 949 Privatusque
306 884 392 949 magis
409 883 498 937 vivam
516 889 545 939 te
563 901 629 951 rege
648 884 752 939 beatus.

504 1027 555 1083 IV.

108 1108 331 1179 emensosque
349 1108 480 1163 Cratinus
498 1110 752 1179 Aristophanesque
769 1116 876 1181 poetae,

110 1188 203 1253 Atque
220 1185 266 1239 alii
284 1201 400 1254 quorum
417 1185 558 1238 comoedia
574 1187 663 1253 prisea
679 1186 799 1241 virorum
817 1193 868 1257 est,

109 1262 137 1314 Si
155 1261 217 1329 quis
233 1264 295 1315 erat
313 1261 412 1328 dignus
430 1260 548 1314 describi
566 1262 640 1329 qued
657 1263 744 1315 malus
762 1280 794 1316 ac
812 1265 865 1331 fur,

109 1336 189 1400 Quod
206 1336 334 1390 moechus
351 1337 424 1389 foret
441 1340 489 1389 aut
506 1336 620 1389 sicarius
637 1342 685 1390 aut
702 1338 803 1407 alioqui

109 1412 248 1478 Fumosae,
266 1411 353 1464 multa
370 1428 432 1464 eum
450 1410 578 1465 libertate
597 1413 735 1467 notabant.
944 1428 956 1468 a

109 1488 183 1541 Hine
199 1487 286 1540 omnis
302 1486 407 1555 pendet
425 1486 552 1553 Lucilius,
569 1487 649 1541 hosce
667 1493 776 1542 secutus

108 1563 224 1617 Mutatis
240 1566 348 1616 tantum
364 1561 481 1629 pedibus
496 1562 680 1631 numerisque,
697 1564 809 1633 facetus,

109 1639 260 1692 Emuuctae
277 1639 359 1704 naris,
377 1638 462 1691 durus
479 1654 641 1706 componere
658 1654 760 1693 versus.

109 1714 135 1766 N
137 1730 180 1765 am
197 1713 251 1766 fuit
268 1713 319 1766 boe
336 1713 464 1766 vitiosus:
483 1713 511 1764 in
530 1714 597 1765 hora
613 1731 694 1783 saepe
712 1715 846 1771 ducentos
997 1776 998 1779 ,

109 1788 150 1842 Ut
167 1805 293 1855 magnum
310 1804 406 1841 uersus
423 1788 546 1842 dictabat
564 1793 638 1843 stans
656 1791 727 1858 pede
744 1792 772 1844 in
791 1809 855 1847 iuro.
934 1807 952 1846 u
997 1784 998 1855 l

110 1864 178 1918 (lum
196 1865 295 1917 tlueret
312 1864 464 1916 lutulentus
481 1869 542 1917 erat
560 1865 635 1933 quod
652 1866 749 1920 tollere
766 1868 867 1933 vellcs;
997 1856 998 1889 ³

110 1939 242 1993 Garrulus
259 1945 342 2007 atque
360 1940 438 2007 piger
455 1937 593 1993 scribendi
611 1942 682 1995 serre
700 1942 831 2008 laborem,

109 2014 252 2069 Scribendi
270 2019 359 2068 recte:
377 2031 440 2067 nam
457 2020 490 2068 ut
506 2016 623 2069 multum
641 2017 680 2070 nil
697 2034 795 2071 morer.
831 2020 909 2089 liceo,

110 2091 251 2159 Crispinus
268 2090 380 2142 minimo
398 2106 442 2143 me
459 2094 602 2158 pmvoeat:
621 2092 636 2118 “
643 2093 755 2161 Accipe,
773 2094 797 2147 si
814 2094 855 2149 vis
997 2162 998 2165 Ἴ

112 2166 249 2234 Accipiam
267 2165 389 2229 tabulas;
407 2166 490 2218 detur
506 2165 585 2219 uobis
601 2167 683 2235 locus,
701 2169 774 2236 bera,
931 2184 952 2222 ιε
997 2172 998 2175 ’

110 2241 259 2305 Custodem
277 2240 418 2293 videamus
435 2244 499 2293 uter
517 2241 578 2309 plus
596 2242 715 2297 scribere
733 2244 843 2312 possit’'

110 2317 166 2370 “Di
184 2316 254 2370 bene
271 2316 396 2369 fecerunt
413 2315 501 2382 inopis
519 2332 564 2369 me
581 2318 709 2387 quodque
727 2320 818 2388 pusilli

111 2391 262 2445 linxerunt
279 2392 369 2458 animi,
386 2407 447 2443 raro
465 2396 495 2444 et
512 2408 647 2460 perpauca
664 2394 808 2467 loqueatis

110 2470 150 2521 At
167 2472 199 2521 tu
216 2467 357 2520 conclusas
374 2466 485 2518 hircinis
502 2467 612 2521 follibus
629 2485 716 2536 auras,

111 2545 204 2612 Usque
221 2544 376 2596 laborantes
394 2542 458 2595 dum
477 2542 580 2595 ferrum
598 2545 702 2599 molliat
719 2546 796 2615 ignis,

108 2620 149 2673 Ut
166 2619 252 2672 mavis
268 2618 399 2671 imitare.'’
435 2618 539 2671 Beatus
557 2618 678 2673 Fannius
696 2622 770 2675 ultro

108 2695 214 2749 Delatis
231 2693 319 2762 capsis
336 2697 365 2747 et
382 2693 515 2760 imagine;
532 2710 593 2749 eum
610 2712 672 2750 mea
689 2712 769 2750 nomo

108 2771 216 2839 Scripta
232 2770 306 2838 legat
323 2770 403 2836 vulgo
421 2770 538 2823 recitare
556 2770 678 2825 timentis
695 2772 731 2826 ob
748 2774 817 2827 hanc
834 2791 894 2841 rem,

108 2847 188 2911 Quod
204 2851 268 2900 sunt
281 2861 349 2914 quos
361 2861 449 2912 genus
462 2846 514 2898 hoo
528 2846 639 2901 minime
652 2847 740 2917 juvat,
753 2852 848 2919 utpote
859 2852 947 2919 plures

107 2922 217 2989 culpari
235 2921 339 2988 dignos.
374 2920 502 2984 Quemvis
520 2923 611 2976 media
629 2940 693 2979 erue
710 2925 804 2981 turba:
927 2952 953 2992 25

107 2998 167 3051 Aut
184 2996 219 3049 ob
236 2995 377 3048 avaritiam
395 3000 443 3049 aut
460 2997 560 3051 misera
577 3000 725 3055 anibitione
743 3002 854 3060 laborat

108 3072 163 3126 llic
179 3074 326 3140 nuptarum
343 3070 445 3125 insanit
461 3072 607 3143 amoribus,
625 3076 669 3131 hic
684 3094 848 3149 puerorum
