2025 3409
86 30 132 81 188
361 29 514 80 HORATII
531 32 661 83 FLAOOI

84 108 220 163 Orbilium
237 107 361 174 dictare;
384 112 434 164 sed
452 112 598 167 emendata
614 112 703 165 rideri

84 184 256 251 Pulchraque
273 187 303 237 et
318 186 422 239 exactis
439 187 583 240 minimum
600 185 733 241 distantia
749 187 851 254 miron

84 258 162 313 Inter
180 274 251 327 quae
267 258 381 314 verbum
400 262 512 316 emicuit
529 261 552 315 si
569 262 641 315 forte
659 260 797 331 decorum,
815 267 846 317 et

82 334 112 389 Si
127 351 221 389 versus
239 335 320 402 paulo
337 337 492 390 concinnior
509 354 579 391 arnus
598 340 627 391 et
644 336 721 404 alter,

83 409 191 478 Injuste
207 413 297 463 totum
314 410 391 465 ducit
407 412 557 481 venditque
574 417 679 481 potina
914 428 942 468 vs

82 486 214 554 Indignor
231 486 381 555 quidquam
399 487 570 556 reprehendi,
588 504 641 540 non
660 486 725 557 quia
741 503 831 543 erasse

82 561 268 631 Compositum
285 562 429 630 illepideve
446 567 568 630 putetur,
587 562 637 617 sed
654 562 719 631 quia
735 579 840 631 nuper;

81 636 107 689 N
109 653 140 691 ec
156 638 264 691 veniam
281 638 401 706 antiquis
418 638 468 692 sed
485 638 614 692 honorem
632 641 662 692 et
678 639 799 707 praemia
816 640 900 707 posci.

81 712 169 767 Recte
186 730 272 767 necne
289 729 398 767 crocum
414 714 550 783 floresque
567 712 741 782 perambulet
759 714 845 768 Attae

80 786 186 842 Fabula
203 789 227 841 si
244 787 376 857 dubitem,
394 788 513 843 clament
530 789 645 859 periisse
661 788 795 858 pudorem
907 808 935 845 so

80 862 178 919 (iuncti
195 881 282 933 paene
299 873 399 932 patres,
417 881 450 919 ea
467 881 529 918 oum
546 863 749 933 reprehendere
766 880 847 917 coner

80 939 157 1004 Quae
173 940 266 1009 gravis
284 940 416 1008 Aesopus,
435 956 505 1009 quae
523 940 621 993 doetus
639 939 754 993 Roscius
771 939 844 1007 egit:

80 1015 133 1069 Vel
151 1016 216 1085 quia
232 1015 272 1069 nil
289 1019 394 1069 rectum
411 1016 465 1068 nisi
483 1016 558 1085 quod
576 1014 679 1084 placuit
697 1014 748 1068 sibi
766 1014 879 1083 ducunt,

79 1089 132 1143 Vel
150 1091 215 1160 quia
231 1094 314 1159 turpe
330 1093 430 1157 putant
446 1107 545 1160 parere
562 1090 719 1156 minoribus,
737 1092 767 1143 et
784 1105 854 1158 quae

81 1166 223 1220 Imbcrbes
238 1165 361 1220 didicere
378 1182 457 1219 senes
474 1165 617 1235 perdenda
633 1164 724 1219 fateri.
904 1182 932 1221 es

80 1240 98 1293 J
100 1258 144 1295 am
163 1242 265 1296 Saliare
282 1241 389 1295 Numae
406 1258 515 1295 carmen
533 1241 580 1310 qui
597 1239 700 1307 laudat,
718 1242 748 1293 et
764 1238 833 1293 illud

80 1318 160 1382 Quod
177 1333 283 1371 mecum
300 1316 409 1384 ignorat
426 1317 499 1370 solus
517 1316 577 1369 vult
594 1315 663 1370 scire
680 1313 775 1380 videri,

80 1392 201 1460 Ingentis
217 1408 271 1446 non
289 1392 335 1445 ille
351 1392 426 1446 favet
442 1392 604 1460 plauditque
621 1389 743 1457 sepultis,

80 1466 104 1519 N
107 1472 181 1522 ostra
198 1467 248 1521 sed
264 1468 413 1534 impugnat,
431 1482 480 1519 nos
497 1471 645 1534 nostraque
661 1464 761 1518 lividus
778 1463 899 1545 ⁰dst⁴f

79 1543 159 1607 Quod
176 1543 199 1596 si
215 1547 273 1596 tam
292 1542 404 1595 Graecis
420 1542 527 1595 novitas
543 1542 629 1595 invisa
645 1540 744 1594 fuisset
901 1558 929 1596 m

78 1617 166 1681 Quam
182 1616 268 1685 nobis,
280 1615 348 1685 quid
363 1633 434 1670 nuno
450 1620 523 1671 esset
539 1616 634 1671 vetust
655 1618 704 1668 aut
720 1614 789 1684 quid
803 1612 928 1670 haberet

78 1693 158 1757 Quod
174 1694 281 1761 legeret
298 1695 456 1761 tereretque
473 1692 576 1746 viritim
593 1690 717 1761 publicus
734 1691 819 1745 usust

78 1768 119 1823 Ut
135 1769 253 1838 primum
270 1768 366 1838 positis
382 1768 480 1834 nugari
498 1767 613 1823 Graecia
630 1765 709 1819 bellis

78 1844 175 1914 Coepit
192 1849 222 1900 ot
236 1846 265 1897 iu
282 1844 378 1897 vitium
396 1842 505 1897 fortuna
522 1842 608 1896 labier
624 1857 718 1910 aequa,

77 1920 104 1975 N
106 1938 158 1975 rme
175 1921 340 1975 athletarum
357 1918 465 1986 studiis,
482 1934 554 1971 nuno
572 1918 639 1971 arsit
657 1932 797 1986 equorum,
897 1936 926 1977 ω

77 1995 222 2051 Marmoris
239 1999 288 2050 aut
304 1994 395 2050 eboris
411 1994 503 2047 fabros
522 1996 570 2047 aut
587 1992 657 2047 aeris
674 1990 783 2058 amavit,

77 2070 227 2143 Suspendit
243 2072 317 2139 picta
334 2070 440 2123 vultum
458 2071 633 2137 mentemque
650 2066 759 2134 tabella,

76 2144 158 2202 Nunc
174 2146 338 2212 tibicinibus‚
355 2160 427 2197 nunc
443 2147 486 2197 est
502 2143 596 2211 gavisa
613 2140 766 2210 tragoedis;

77 2222 134 2279 Sub
151 2224 256 2277 nutrice
273 2222 364 2289 puella
381 2220 457 2273 velut
474 2220 497 2272 si
515 2218 624 2272 luderet
640 2217 738 2283 infans,
1005 2278 1006 2283 ἵ

77 2297 158 2362 Quod
174 2298 274 2367 cupide
291 2296 373 2364 petiit
389 2299 497 2349 mature
515 2295 598 2363 plena
615 2292 734 2362 reliquit.
888 2308 926 2350 roa
1005 2284 1006 2300 ¹

77 2373 150 2438 Quid
166 2374 257 2445 placet
273 2375 322 2426 aut
339 2370 402 2424 odio
416 2374 459 2424 est
476 2370 551 2437 quod
565 2386 620 2423 uon
636 2366 768 2422 mutabile
782 2366 898 2423 eredasl
1003 2432 1004 2435 Ἴ

76 2449 138 2504 Hoc
154 2466 235 2519 paces
252 2446 372 2501 habuere
389 2445 478 2499 bonae
495 2445 625 2513 ventique
643 2442 763 2499 secundi.

76 2524 179 2579 Romae
196 2524 276 2578 duce
294 2522 342 2575 diu
358 2521 411 2575 fuit
428 2524 458 2575 et
475 2520 605 2574 sollemne
623 2519 729 2573 reclusa

76 2600 157 2654 Mane
175 2600 256 2653 domo
272 2597 392 2665 vigilare,
409 2596 502 2649 clienti
519 2611 645 2662 promere
658 2594 731 2662 jura,
817 2656 821 2661 ⁴

76 2675 177 2730 Cautes
193 2673 347 2728 nominibus
364 2672 447 2725 rectis
464 2671 619 2739 expendere
637 2684 769 2735 nummos,
887 2684 925 2725 ros

75 2750 196 2816 Majores
213 2748 316 2811 audire,
334 2746 431 2799 minori
449 2746 548 2810 dicere,
566 2762 616 2814 per
634 2762 705 2815 quae

75 2822 204 2876 Crescere
222 2838 266 2874 res
284 2823 385 2890 posset,
403 2820 488 2872 minui
506 2820 637 2874 damuma
653 2820 749 2875 liudo.

75 2896 194 2949 Mutavit
211 2899 331 2948 montem
348 2896 464 2963 populus
481 2895 549 2948 levis
567 2899 596 2949 et
613 2896 685 2949 calet
702 2910 756 2949 uno

75 2968 216 3021 Scribendi
234 2967 340 3030 studio;
362 2969 442 3036 pueri
459 2973 606 3037 patresque
625 2970 711 3024 severi

75 3040 184 3094 Fronde
201 3055 291 3093 comas
307 3041 391 3094 vincti
409 3046 525 3097 coenant
542 3048 571 3098 et
588 3045 708 3099 camuiua
726 3043 839 3099 dictant.
885 3059 920 3103 nu
