2025 3409
344 62 551 113 CARMINUM
567 63 621 111 111.
640 66 663 113 8.

251 140 369 209 Perjura
385 158 525 210 pugnaees
543 142 664 196 Achivos

286 216 433 271 Hectoreis
450 218 549 285 opibus
565 217 699 285 refringit,

217 289 382 360 Nostrisqne
398 292 512 345 ductum
529 292 709 346 seditionibus

217 366 324 420 Bellum
341 367 451 421 resedit.
487 367 618 421 Protinus
635 370 665 421 et
681 381 779 435 mares
906 382 928 421 so

252 442 312 495 Iras
330 445 359 495 et
375 442 491 495 invisum
509 446 637 511 nepotem

286 517 381 570 Troica
397 534 479 586 quem
495 518 604 587 peperit
621 515 747 571 saoerdos

217 590 302 645 Marti
319 592 471 657 redonab03
488 592 565 645 illum
583 608 634 660 ego
652 591 755 645 lucidos

218 666 293 721 Inire
311 668 398 735 sedes,
416 670 519 721 ducere
535 668 655 722 nectaris

251 741 356 809 Succos,
374 746 403 796 et
420 742 539 797 adscribi
556 743 656 811 quietis

286 817 435 870 Ordinibus
452 818 543 886 patiar
559 817 681 872 deorum.

217 889 291 945 Dum
309 892 403 961 longus
421 893 495 947 inter
512 893 615 947 saeviat
633 892 703 946 Ilion

217 964 386 1036 Romamque
403 970 504 1037 pontus
523 967 646 1036 qualibet
663 966 770 1021 exsules

251 1041 285 1095 In
302 1048 382 1110 parte
399 1046 533 1110 regnanto
550 1042 640 1107 beati3

284 1117 357 1170 Dum
376 1117 477 1171 Priami
497 1117 659 1186 Paridisque
675 1114 757 1169 busto

217 1189 337 1245 Insultet
354 1196 509 1246 armentum
527 1196 557 1246 et
573 1192 677 1245 catulos
693 1191 768 1246 ferae

216 1266 313 1321 Celent
330 1267 433 1321 inultae
452 1270 510 1321 stet
527 1266 691 1335 Capitolium

231 1375 233 1379 -
250 1341 376 1409 Fulgens,
394 1341 625 1411 triumphatisque
642 1341 729 1409 possit

284 1416 372 1470 Roma
388 1417 465 1471 ferox
483 1417 551 1471 dare
565 1416 631 1483 jura
648 1416 744 1470 Medis

216 1489 364 1545 Horrenda
381 1491 436 1545 late
453 1507 553 1545 nomen
569 1492 598 1544 in
616 1491 725 1545 ultimas

215 1565 354 1620 Extendat
373 1582 441 1632 oras,
460 1582 515 1634 qua
531 1566 638 1619 medius
655 1566 745 1633 liquor

248 1640 372 1695 Secernit
390 1642 518 1709 Europen
535 1640 570 1695 ab
589 1641 666 1709 Afro,
688 1648 692 1655 '
753 1697 759 1719 ι

284 1714 344 1779 Qua
360 1716 483 1769 tumidus
500 1716 573 1784 rigat
590 1731 655 1769 arva
672 1715 698 1768 N
699 1715 759 1782 ilus,

213 1790 322 1843 Aurum
339 1790 502 1859 irrepertum
520 1795 550 1844 et
567 1791 605 1844 sic
622 1790 719 1844 melius
736 1791 819 1844 situm

215 1864 285 1919 Cum
303 1868 378 1919 terra
395 1866 467 1919 celat
485 1882 615 1933 spernere
632 1865 729 1919 fortior
898 1880 922 1919 to

248 1939 335 2004 Quam
353 1956 450 2007 eogere
468 1939 600 1993 humanos
617 1940 647 1993 in
663 1956 729 1993 usus

283 2013 371 2068 Omne
390 2031 495 2068 sacrum
513 2015 637 2083 rapiente
654 2017 759 2069 dextra

213 2087 373 2157 Quicunque
389 2090 492 2143 mundo
510 2090 642 2143 terminus
659 2089 769 2144 obstitit

215 2162 298 2217 Hunc
315 2167 411 2232 tangat
428 2164 518 2232 armis,
536 2166 624 2219 visere
640 2165 762 2232 gestiens

247 2237 309 2303 Qua
325 2243 405 2307 parte
422 2238 626 2295 debaoohentur
642 2231 741 2306 ignes*
898 2253 922 2294 ts

282 2312 342 2377 Qua
358 2314 473 2367 nebulae
490 2314 630 2383 pluviique
647 2330 729 2367 rores

213 2386 270 2442 Sed
287 2388 421 2443 bellicosis
438 2390 495 2447 fata
514 2389 664 2463 Quiritibus

214 2462 275 2516 Hae
292 2464 353 2532 lege
371 2464 438 2532 dieo,
455 2482 490 2518 ne
507 2465 621 2518 nimium
638 2463 677 2533 pii

249 2538 396 2607 Rebusque
413 2539 533 2593 fidentes
548 2540 638 2593 autes

282 2614 365 2668 Tecta
382 2615 467 2668 velint
484 2630 612 2683 reparare
629 2613 733 2668 Troiae.
897 2622 921 2661 ω

213 2684 310 2741 Troiae
327 2704 470 2743 renascens
488 2690 554 2743 alite
571 2687 680 2755 lugubri

213 2761 335 2817 Fortuna
351 2764 425 2817 tristi
443 2764 521 2818 clade
538 2763 691 2829 iterabitur,

247 2836 373 2893 Ducente
390 2839 517 2893 victrices
534 2842 657 2893 aeternas

282 2913 404 2982 Conjuge
422 2931 466 2968 me
484 2914 502 2967 J
504 2914 562 2967 ovis
579 2917 608 2967 et
625 2928 723 2967 sorore.

212 2983 266 3041 Ter
284 2990 307 3040 si
324 2990 450 3053 resurgat
468 3003 562 3039 murus
578 2991 678 3037 aeneus
896 2997 920 3035 es

216 3065 338 3114 Auctore
359 3060 467 3115 Phoebo
484 3063 529 3113 ter
546 3062 640 3127 pereat
657 3057 727 3107 meis
