2025 3409
286 60 490 111 CARMINUM
507 60 560 109 111.
581 61 617 121 19,
636 62 675 110 2⁰.
871 63 902 111 69

191 140 271 196 Inter
288 141 405 196 audaces
422 140 502 211 lupus
519 142 594 194 errat
610 156 712 208 agnos3

152 272 159 277 .
189 218 301 286 Spargit
318 222 439 285 agrestes
456 216 507 270 tibi
527 216 595 268 silva
610 215 738 281 frondcs;
827 254 830 260 .

190 293 301 348 Gaudet
317 294 430 347 invisam
448 292 586 361 pepulisse
602 291 689 345 fossor
880 304 903 343 ro

224 370 279 423 'l'er
295 369 366 438 pede
383 373 493 423 temam

438 512 517 568 XIX.

191 594 332 660 aaaron
350 595 436 649 distet
452 595 487 647 ab
506 594 608 648 Inacho

224 671 329 725 Codrus
345 688 396 739 pro
413 670 501 739 patria
517 686 572 722 non
588 667 702 722 timidus
718 665 787 723 morl

189 746 300 813 Narras,
319 750 348 800 et
364 762 452 814 genus
471 745 556 799 Aeaci

222 822 260 875 Et
276 826 397 890 pugnata
414 836 490 874 sacro
507 820 579 873 bella
596 818 647 872 sub
665 818 730 873 llio:

189 897 248 961 Quo
267 897 364 951 Chium
381 896 470 965 pretio
487 895 586 949 cadum
886 907 899 947 s

223 974 382 1037 Mercemur,
402 972 462 1040 quie
479 988 578 1039 aquam
595 972 729 1038 temperet
745 966 862 1037 ignibus,

189 1047 249 1113 Quo
265 1048 415 1117 praebente
433 1047 543 1100 domum
561 1050 590 1099 et
608 1050 691 1113 quota
735 1068 766 1126 ς
784 1066 847 1121 ..st
868 1044 928 1111 teil

223 1124 341 1191 Pelignis
358 1138 465 1176 caream
482 1121 636 1189 frigoribus,
652 1124 682 1173 ta
714 1136 734 1173 s.
805 1116 829 1135 ‘

187 1198 231 1252 Da
247 1199 327 1251 lunae
344 1213 459 1266 propere
475 1213 568 1262 novae,

221 1275 265 1326 Da
281 1273 367 1327 noctis
384 1271 498 1338 mediae,
517 1272 560 1338 da,
576 1287 653 1338 puer,
670 1269 780 1337 auguria
873 1284 896 1325 lo

187 1348 329 1403 Murenae:
347 1347 437 1401 tribus
454 1350 502 1401 aut
519 1363 617 1400 novem

220 1425 370 1478 Miscentur
387 1423 489 1491 cyathis
506 1422 603 1491 pocula
619 1420 773 1474 commodis,

186 1500 238 1564 Qui
256 1500 350 1553 Musas
366 1501 441 1552 amat
456 1498 575 1567 impares

219 1574 320 1628 Ternas
337 1579 381 1628 ter
397 1574 507 1641 cyathos
524 1572 657 1626 attonitus
673 1573 750 1639 petet

184 1650 286 1715 Vates3
303 1653 359 1703 tres
376 1649 503 1717 prohibet
520 1664 602 1714 supra
871 1661 894 1701 ιε

219 1726 350 1779 Rixarum
367 1726 490 1778 metuens
507 1727 620 1791 tangere
638 1722 734 1777 Gratia

184 1800 210 1855 N
213 1800 274 1855 udis
286 1800 383 1868 juncta
399 1798 544 1852 sororibma.

219 1876 342 1930 Insanire
355 1874 448 1942 juvat:
466 1891 516 1927 cur
532 1872 710 1942 Berecyntiae

184 1952 299 2007 Cessent
315 1950 423 2003 flamina
439 1950 541 2003 tibiaci

218 2029 275 2082 Gur
291 2024 395 2096 pendet
411 2026 494 2078 tacita
511 2023 602 2078 fistula
619 2039 681 2077 cum
697 2022 772 2091 lyrai
867 2038 892 2079 aa

183 2103 330 2157 Parcentes
347 2118 398 2169 ego
416 2101 543 2154 dexteras
917 2146 930 2168 s

218 2178 285 2232 Odi:
302 2193 399 2246 sparge
416 2180 509 2240 rosas;
526 2174 621 2228 audiat
637 2173 746 2230 invidus
791 2193 813 2231 l·
830 2165 932 2229 ²513?

183 2255 346 2308 Dementem
364 2252 509 2319 strepitum
526 2251 614 2318 Lycus

217 2330 254 2383 Et
271 2328 358 2382 vicina
376 2329 433 2380 seni
450 2343 503 2379 uon
521 2326 619 2379 habilis
635 2324 716 2395 Lyco.

184 2406 278 2475 Spissa
293 2408 323 2457 te
341 2402 457 2456 nitidum
476 2418 559 2470 coma,
867 2417 891 2457 n

218 2481 290 2533 Puro
308 2482 337 2533 te
354 2478 476 2541 similem,
495 2476 622 2546 Telephe,
640 2476 763 2546 Vespero

183 2555 353 2623 Tempestiva
369 2554 441 2623 petit
459 2552 569 2606 Rhode:

216 2631 264 2685 Me
281 2630 372 2684 lentus
390 2628 521 2697 Glycerae
537 2630 626 2681 torret
643 2642 718 2680 amor
735 2643 820 2682 meae.

182 2853 247 2908 ilos
263 2851 340 2905 vides
357 2852 459 2919 quanto
475 2864 583 2902 moveas
600 2846 708 2916 periclo,

183 2929 295 2998 Pyrrhe,
314 2924 445 2980 Gaetulae
462 2924 565 2977 catulos
582 2923 709 2978 leaenael

182 3004 259 3059 Dura
275 3004 338 3070 post
354 3000 444 3069 paullo
460 2998 549 3065 fugies
566 2997 686 3050 inaudax

216 3077 324 3133 Proelia
340 3078 443 3143 raptor,
