2025 3409
362 56 516 105 nouam
533 55 662 104 anaccr
700 123 701 128 Ἰ
768 22 775 30 ’

189 134 256 189 Ildit
273 136 370 189 cicutis
386 135 478 189 allium
496 134 644 189 nocentius

223 208 246 260 0
266 209 335 262 dura
352 226 501 263 messorum
518 209 577 263 ilia!

188 284 262 348 Quid
280 284 329 337 hoc
348 285 444 338 veneni
462 284 549 337 saevit
565 282 594 336 in
611 281 795 353 praecordiis?
922 286 935 327 ⁸

222 359 295 412 Num
313 359 450 427 viperinus
467 358 510 411 his
526 374 607 411 cruor

187 433 316 488 Incoctus
333 434 426 488 herbis
443 451 487 487 me
504 433 622 487 fefellitl
639 449 674 485 an
690 432 776 485 malas

222 509 337 563 Canidia
354 510 482 563 tractavit
500 508 602 576 dapesl
658 530 667 545 ·

187 584 228 639 Ut
245 587 420 653 Argonautas
437 590 548 654 praeter
565 601 658 638 omnes
675 581 821 637 candidum

221 660 322 714 Medea
339 661 439 714 mirata
457 664 499 713 est
518 660 623 728 ducem,

187 735 285 803 Ignota
302 736 388 789 tauris
405 736 572 803 illigatumm
585 736 654 805 juga

222 811 352 865 Pcrunxit
369 812 419 864 hoc
436 812 582 877 dasonem;

187 886 248 940 Hoc
265 886 395 941 delibutis
412 887 471 940 ulta
488 887 568 941 donis
586 888 708 957 pellicem

220 962 352 1029 Serpeute
369 962 441 1029 fugit
458 962 530 1016 alite.

185 1036 211 1090 N
213 1053 243 1089 cc
260 1042 353 1091 tantus
370 1054 490 1107 unquam
508 1038 629 1091 siderum
646 1036 748 1094 insedit
764 1054 851 1108 vapor
916 1056 940 1097 is
1006 1042 1008 1100 l

219 1112 376 1167 siticulosae
395 1113 519 1182 Apuliae,
1007 1133 1008 1164 l

184 1186 242 1241 Nec
260 1204 357 1241 munus
374 1188 495 1241 humeris
514 1189 628 1243 effleacls
648 1189 774 1243 Herculis

218 1263 321 1317 lnarsit
338 1264 497 1319 aestuosius.

184 1338 224 1390 At
242 1338 264 1390 si
282 1338 350 1407 quid
368 1356 486 1407 unquam
505 1340 562 1394 tale
579 1340 771 1409 concupiveris,
1010 1409 1011 1416 ἵ

218 1414 316 1469 iocose
334 1415 485 1483 Maecenas,
503 1432 601 1484 precor
912 1432 939 1473 w

183 1488 294 1543 Manum
312 1491 404 1559 puella
422 1491 494 1543 savio
513 1494 629 1558 opponat
647 1494 695 1543 tuo

216 1564 347 1619 Extrema
364 1569 394 1619 et
410 1566 438 1618 in
457 1566 562 1635 sponda
578 1564 668 1618 cubet.

478 1704 529 1759 IV.

182 1788 266 1842 Lucis
285 1793 313 1843 et
330 1789 407 1857 agnis
425 1794 528 1858 quanta
546 1788 643 1842 sortito
660 1786 767 1856 obtigit,

214 1865 312 1917 'lecum
331 1866 396 1918 mihi
415 1864 551 1917 discordia
567 1866 617 1932 cst,

180 1938 317 1992 Hibericis
334 1946 445 2008 peruste
462 1940 573 1993 funibus
589 1938 662 1993 latus

214 2015 250 2068 Et
266 2032 345 2069 crura
363 2016 431 2069 dura
449 2016 586 2084 compede.

179 2088 255 2143 Licet
272 2090 405 2159 superbus
423 2091 545 2144 ambules
562 2090 683 2159 pecunia,

213 2164 334 2218 Fortuna
351 2182 403 2218 non
421 2169 511 2220 mutat
527 2182 618 2233 genus.

177 2238 304 2307 Videsne,
323 2240 431 2293 Sacrum
449 2240 580 2293 metiente
597 2246 627 2293 te
643 2240 715 2292 viam

211 2315 280 2368 Cum
297 2314 340 2369 bis
357 2316 440 2369 trium
458 2317 581 2368 ulnarum
599 2320 670 2390 toga,

178 2387 218 2443 Ut
235 2407 282 2444 ora
298 2394 389 2445 vertat
406 2391 458 2444 hue
477 2396 505 2445 et
523 2392 575 2444 huc
593 2392 715 2444 euntium

210 2465 362 2519 Libenima
378 2466 549 2534 indignatiol

175 2540 269 2595 Sectus
287 2542 401 2609 flagellis
418 2542 462 2595 hic
479 2541 693 2596 triumviralibus

209 2615 353 2669 Praeconis
370 2617 406 2669 ad
422 2616 564 2670 fastidium

174 2693 246 2743 Aret
265 2692 372 2745 Falerni
390 2692 464 2745 mille
482 2691 560 2744 fundi
574 2691 675 2758 jugera

208 2765 245 2818 ist
263 2768 382 2835 Appiam
400 2766 505 2820 mannis
523 2767 597 2834 terit,

122 2837 127 2845 '
173 2839 363 2907 sedilibusque
381 2856 494 2906 magnus
512 2841 541 2891 in
558 2839 654 2907 primis
671 2856 757 2907 eques
899 2854 929 2897 u

208 2910 316 2965 Othone
334 2917 488 2980 contempto
506 2913 601 2966 sedet!

173 2982 245 3045 Quid
263 2987 364 3038 attinet
380 2990 423 3039 tot
441 3002 488 3038 ora
505 2987 614 3040 narium
631 2988 709 3054 gravi

207 3056 337 3109 Rostrata
355 3058 417 3110 duci
434 3059 554 3125 pondere
