2025 3409
321 68 527 120 canumnm
542 70 565 119 1.
583 72 623 130 21,
642 72 681 121 aa.
896 50 927 96 1⁵

179 148 328 207 conditum
345 148 407 217 leri,
426 148 510 205 (latua
526 148 556 203 in
572 149 682 204 theatro

214 226 284 280 Oum
301 224 353 279 tibi
370 227 488 292 plausus,

179 300 250 356 (iare
268 301 412 355 Maecenas
429 316 523 369 eques,
540 303 573 353 ut
589 299 698 368 paterni

179 377 314 431 Fluminis
331 377 406 445 ripae
424 376 504 430 simul
523 378 553 430 et
565 374 661 443 jocosa

180 450 324 505 Redderet
340 450 435 505 nudes
452 450 504 505 tibi
522 449 649 505 Vaticani

214 525 319 579 Montis
335 526 432 594 imago.

181 599 336 656 Caecubum
353 605 383 656 et
399 600 477 669 prelo
495 598 628 655 domitam
645 599 747 655 Caleno

181 677 223 729 'lu
240 676 319 731 bibes
335 693 429 731 uvam:
447 692 510 730 mea
526 692 577 729 nec
595 674 728 730 Falernae

181 750 346 818 Temperant
362 751 433 805 vites
450 767 540 820 neque
558 751 697 805 Formiani

217 826 318 880 Pocula
335 826 423 880 colles.

466 967 545 1023 XXI.

182 1049 304 1105 Drama
320 1051 432 1103 tenerae
450 1047 534 1103 dicite
550 1048 676 1117 virgines,

150 1141 154 1148 ·
184 1126 335 1191 Intonsmu
352 1124 438 1193 pueri,
456 1123 541 1178 dicite
559 1124 704 1193 Cynthium

218 1200 404 1268 Latonamque
421 1215 549 1266 supremo

253 1275 388 1329 Dilectam
405 1275 517 1343 penitus
533 1272 605 1326 Jovi.

185 1348 243 1403 Vos
259 1348 359 1403 laetam
376 1348 465 1402 fluviis
482 1351 513 1402 et
529 1364 672 1402 nemorum
688 1363 772 1414 coma,

186 1422 368 1491 Quaecunque
385 1426 434 1477 aut
449 1422 542 1490 gelido
559 1423 697 1491 prominet
713 1421 814 1491 Algido

219 1498 313 1566 Nigris
329 1501 379 1552 aut
395 1497 555 1567 Erymanthi

253 1574 334 1628 Silvis
351 1576 399 1627 aut
415 1574 511 1627 viridis
529 1573 625 1641 Gragi;

187 1650 244 1710 Vos
261 1650 361 1717 Tempe
378 1648 496 1703 totidem
513 1648 602 1705 tollite
618 1648 745 1703 laudibus

188 1725 378 1794 Natalemque‚
395 1740 493 1791 mares,
511 1723 600 1778 Delon
618 1724 759 1794 Apollinis,
906 1737 930 1776 ic

221 1801 416 1869 Insignemque
433 1800 564 1868 pharetra

256 1876 443 1945 Fraternaque
459 1876 605 1929 humerum
621 1875 686 1944 lyra

187 1952 242 2007 Hic
258 1951 364 2006 bellum
380 1952 560 2018 lacrimosum,
577 1951 621 2003 hic
637 1950 764 2004 miseram
780 1950 880 2003 famem

187 2028 352 2096 Pestemque
368 2043 386 2081 a
402 2026 501 2096 populo
519 2029 549 2080 et
564 2026 687 2095 principe
705 2025 821 2080 Caesare
838 2023 866 2077 iu

222 2103 319 2157 Persas
336 2105 419 2171 atquc
437 2101 584 2155 Britannos
908 2112 931 2153 ra

256 2178 358 2233 Vestra
373 2180 464 2233 motus
481 2180 545 2246 aget
561 2193 648 2247 prece.

461 2321 558 2376 xxn.
638 2290 670 2340 ·’

188 2408 315 2463 lacaena
331 2406 412 2461 ritae·
423 2405 588 2475 scelerisque
604 2420 689 2473 purus

187 2484 213 2537 N
215 2500 250 2537 on
267 2486 333 2553 eget
349 2482 455 2537 Mauris
467 2480 567 2550 jaculis
584 2497 674 2549 neque
691 2496 754 2535 areu

188 2559 247 2613 Nee
263 2558 404 2615 venenatis
420 2556 535 2625 gravida
551 2555 666 2624 sagittis,

221 2632 315 2701 Fusae,
333 2633 470 2702 pharetra,
660 2649 662 2653 ’

187 2706 250 2763 Sive
267 2724 318 2777 per
335 2708 429 2776 Syrtes
445 2707 500 2761 iter
517 2708 657 2761 aestuosas

186 2782 250 2838 Sive
266 2783 387 2837 facturr-ns
404 2797 455 2850 per
471 2781 662 2851 inhospitalem

186 2858 336 2915 caucasum
352 2857 396 2912 rel
413 2872 483 2927 quae
500 2856 560 2911 loca
576 2857 715 2912 fabulosas

221 2933 332 2988 Lambit
350 2932 503 3000 Hydaspes.

184 3007 312 3077 Namque
329 3022 374 3060 me
392 3006 459 3059 silva
475 3006 557 3072 lupus
573 3004 603 3056 in
620 3005 727 3069 Sabina,

185 3082 260 3136 Dum
277 3097 367 3135 meam
385 3082 464 3133 canta
484 3078 604 3145 Lalagen
621 3081 650 3131 et
667 3080 740 3130 ultra
911 3082 932 3119 1⁰
