2025 3409
300 34 305 40 ’
343 55 694 105 EPISTOLARUM1.15.
902 47 948 101 175

94 134 149 190 vlde
165 136 291 190 constere
308 137 374 189 mihi
391 138 451 204 scis,
470 141 500 191 et
518 136 659 190 discedere
676 134 794 199 tristem,

9 197 10 278 J
100 211 323 279 Quandocunque
340 212 453 266 trahunt
470 213 557 266 invisa
573 212 683 279 negotia
701 211 822 263 Romam.

9 345 15 366 ι
99 286 163 340 Nou
181 286 278 340 eadem
295 288 440 353 miremur3
456 305 490 341 eo
508 288 676 342 disconvenit
692 287 766 341 inter

9 385 10 388 ¹
99 360 203 430 Meque
221 366 251 416 et
267 366 311 417 te:
327 379 391 417 num
409 380 480 433 quae
497 364 607 418 deserta
624 367 653 417 et
669 362 805 431 inhospita
820 362 897 413 tesca

8 441 9 490 Ξ
100 436 200 491 Credis
216 453 330 491 amoena
346 442 425 493 vocet
442 455 549 493 mecum
567 438 614 507 qni
633 438 725 504 sentit,
744 440 773 491 et
791 436 850 489 odit
925 446 948 487 ro

100 512 177 577 Quae
194 516 226 566 tu
243 513 356 582 pulchra
372 518 460 583 putus
495 515 598 569 Fornix
614 514 666 568 tibi
683 517 713 567 et
729 516 811 567 uncta
827 510 927 579 popina

8 601 9 606 ’
100 587 244 642 Incutiunt
260 588 337 642 urbis
354 589 530 659 desiderium,
547 589 635 655 video,
653 593 682 643 et
699 588 774 659 quod

101 665 228 731 Angelus
244 664 297 717 iste
315 664 387 719 ieret
404 666 483 734 piper
500 670 531 719 et
548 666 612 719 thus
630 665 704 719 ocius
721 681 782 733 uva,

99 738 159 793 Nec
176 739 264 793 vidue
280 739 376 794 subest
392 741 485 794 vinum
500 741 635 810 praebere
652 740 767 795 taberna

100 813 178 878 Quae
194 815 282 883 possit
298 815 358 884 tibi,
375 832 426 870 uec
443 818 576 871 meretrix
592 816 712 885 tibicine,
729 815 808 884 cujus
927 827 951 867 2⁵

101 889 149 943 Ad
166 891 312 958 strepitum
330 892 410 945 salias
427 895 518 946 terroe
536 893 638 960 gravis:
656 896 686 946 et
703 895 795 946 temen
812 906 895 957 urges

100 965 273 1034 Jampridem
291 984 344 1020 non
362 972 436 1022 tecta
453 969 588 1037 ligonibus
606 984 671 1021 arva
687 966 840 1035 bovemque

6 1045 7 1064 ³
100 1039 276 1109 Diejunctum
293 1060 371 1097 cures
389 1049 420 1099 et
436 1045 539 1098 strictis
557 1043 700 1098 frondibus
718 1042 826 1112 exples3

5 1175 6 1186 ,
102 1116 193 1171 Addit
209 1133 278 1187 opus
295 1119 374 1188 pigro
390 1120 472 1188 rivus,
490 1120 514 1173 si
532 1120 634 1174 decidit
651 1118 747 1185 imber,

102 1191 193 1246 Multa
210 1194 280 1247 mole
297 1194 436 1249 docendus
453 1197 545 1263 aprico
563 1212 674 1265 parcere
692 1198 777 1263 prete.
928 1206 951 1245 so

101 1266 127 1319 N
129 1284 183 1321 unc
200 1285 252 1336 ege
270 1269 337 1337 quid
355 1274 479 1323 nostrum
497 1274 657 1325 concentum
675 1270 781 1323 dividat
798 1269 869 1322 audi.

5 1331 6 1382 Ῑ
102 1344 191 1408 Quem
208 1348 306 1399 tenues
325 1345 442 1400 decuere
460 1350 541 1413 to'gae
558 1346 694 1413 nitidique
711 1345 808 1414 capilli,

4 1419 5 1461 l
102 1420 192 1485 Quem
210 1419 263 1473 scis
279 1419 428 1475 immunem
447 1422 562 1475 Cinarae
579 1421 712 1490 placuisse
729 1419 827 1487 rapaci,

105 1495 195 1559 Quem
211 1494 335 1549 bibulum
353 1496 450 1565 liquidi
467 1496 558 1550 medie
576 1496 611 1550 de
628 1496 688 1549 luce
708 1494 825 1563 Falerni,

102 1568 194 1624 Coeno
205 1568 296 1624 brevis
304 1570 385 1639 juvet
397 1575 426 1626 et
437 1588 523 1641 prope
535 1573 622 1626 rivum
634 1588 743 1625 somnus
754 1572 783 1624 in
794 1568 893 1633 herbn3
927 1582 951 1621 ec

3 1699 4 1710 ,
101 1643 128 1697 N
130 1662 162 1699 ec
178 1644 274 1699 lusisse
291 1646 378 1715 pudet
396 1646 516 1701 sednon
534 1647 655 1702 incidere
673 1646 776 1700 ludum.

3 1775 4 1783 ,
101 1719 128 1773 N
129 1736 165 1773 on
182 1720 244 1775 istic
261 1721 371 1791 obliquo
389 1722 466 1776 oculo
483 1738 545 1776 mea
562 1722 703 1776 commode
719 1721 862 1789 quisquam

101 1794 201 1862 Limet,
220 1812 274 1849 nou
291 1796 355 1849 odio
372 1796 487 1850 obscuro
504 1813 651 1866 morsuque
668 1799 800 1860 venenet;

101 1870 208 1925 Rident
225 1872 306 1924 vicini
323 1871 417 1939 glebas
435 1875 465 1925 et
482 1888 548 1925 saxa
565 1876 726 1926 moventem.

101 1935 173 2000 Cum
191 1947 277 2000 serris
295 1946 399 2000 urbane
416 1947 503 2001 diemo
521 1947 618 2001 rodere
636 1947 735 2000 meris:
929 1958 951 1997 re

101 2021 211 2075 Horum
229 2023 262 2074 tu
279 2021 308 2074 in
324 2038 468 2075 numerum
485 2026 549 2075 voto
567 2024 639 2087 ruis;
655 2022 762 2074 invidet
779 2036 858 2074 usum

101 2093 252 2164 Lignorum
268 2099 297 2150 et
313 2098 419 2165 pecoris
436 2097 488 2150 tibi
506 2098 564 2151 calo
582 2100 696 2165 argutus
714 2100 744 2150 et
760 2096 841 2149 horti.

101 2171 189 2241 Optat
207 2172 336 2242 ephippia
352 2172 409 2240 bos,
426 2173 504 2240 piger
522 2176 599 2241 optat
617 2188 694 2225 arere
714 2170 847 2235 caballus,

3 2253 4 2256 ’
102 2248 190 2312 Quem
209 2246 261 2301 scit
277 2251 396 2315 uterque
412 2247 502 2301 libens
520 2245 634 2301 censebo
652 2249 779 2301 exerceat
797 2249 890 2298 artem

499 2390 561 2445 XV.

102 2472 184 2537 Qun
203 2470 240 2526 sit
253 2472 344 2532 hiems
360 2471 465 2541 Veline,
483 2472 558 2542 quod
574 2472 685 2539 coelum,
704 2470 782 2537 Vela,
805 2469 917 2537 Salerni,

102 2548 226 2613 Quorum
236 2547 375 2601 hominum
386 2548 462 2615 regio
475 2552 503 2602 et
516 2548 603 2616 qualis
616 2548 666 2615 via,
680 2550 752 2614 (nem
764 2545 831 2599 mihi
843 2545 925 2598 Baias

103 2623 185 2677 Musa
202 2639 384 2693 supervacuus
402 2624 539 2676 Antonius
557 2626 698 2678 ettamen
715 2622 769 2675 illis

104 2697 152 2751 Me
168 2697 235 2751 iecit
251 2698 375 2766 invisum,
392 2698 485 2767 gelide
501 2714 563 2752 cum
581 2698 691 2767 perluor
707 2695 782 2749 undu

103 2773 158 2827 Per
174 2772 296 2827 medium
313 2774 406 2841 frigus
442 2773 513 2827 Sene
530 2777 651 2828 murteta
668 2772 787 2841 relinqui
935 2774 947 2817 Ι

3 2905 4 2929 ἶ
103 2846 239 2915 Dictaque
257 2852 410 2901 cessantem
427 2848 518 2902 nervis
536 2848 638 2903 elidere
655 2848 781 2903 morbum

104 2920 241 2991 Sulphmu
258 2923 395 2976 contemni
412 2922 487 2977 vicus
504 2924 597 2992 gemit,
616 2923 724 2978 invidus
741 2922 838 2991 aegris,

104 2997 156 3062 Qui
174 3001 305 3067 caputet
322 2998 491 3052 stomachum
509 3016 661 3068 supponere
679 3000 800 3053 fontibus
818 2996 921 3051 audent

105 3072 224 3127 Clusinis
242 3072 398 3145 Gabiosque
414 3076 514 3142 petunt
530 3080 559 3128 et
576 3074 677 3143 frigide
695 3091 765 3129 rura
