2025 3409
355 49 570 99 SATIRARUM
581 50 620 98 11.
633 51 657 99 2.
883 47 927 94 135

76 125 158 189 Quali
176 126 262 194 igitur
278 126 352 181 rictu
370 129 477 196 sapiens
493 131 596 195 utetur,
614 128 760 183 ethorum

1 259 2 269 ἵ
76 200 181 255 Utrum
197 201 370 256 imitabitur?
407 203 467 255 Hae
484 206 566 270 urget
583 203 670 271 lupus,
683 202 733 256 hac
750 199 831 269 canis,
844 201 926 255 aiunt.

75 275 199 330 Mundus
217 278 270 330 erit
287 294 342 345 qua
358 294 412 330 non
430 278 550 331 offendat
568 277 701 345 sordibus,
718 281 801 345 atque
903 290 926 331 os
979 304 983 313 ·

74 349 110 404 In
128 352 254 405 neutram
272 356 378 419 partem
396 353 485 405 cultus
502 353 591 407 miser.
628 352 682 405 Hie
699 367 787 421 neque
805 352 897 419 servis,

73 426 176 480 Albuti
194 427 266 479 senis
283 428 414 494 exemplo,
433 427 498 481 dum
517 428 609 481 munia
626 426 699 480 didit

72 501 180 555 Saevus
197 502 266 566 erit;
282 518 333 555 neo
350 503 389 555 sio
406 506 439 556 ut
455 503 571 570 simplex
590 503 616 555 N
618 503 710 555 aerius
727 505 836 557 unctam

72 576 204 629 Convivis
214 576 359 644 praebebit
370 594 483 645 aquam;
501 578 597 631 vitium
609 578 659 630 hoc
671 594 779 646 qnoque
791 594 925 645 magnum.

70 652 179 720 Accipe
196 668 268 706 nunc
285 652 373 705 rictus
389 653 481 706 tenuis
497 670 568 722 quae
587 656 743 720 quantaque
762 669 853 707 secum
902 669 924 707 rr

69 727 190 781 Afferat
226 727 365 796 Imprimis
381 728 471 781 valeas
488 726 572 783 bene:
589 744 652 781 nam
670 728 760 781 variae
778 745 822 781 res

69 800 114 855 Ut
131 807 249 856 noceant
266 802 367 855 homini
386 802 482 856 credas
498 819 604 856 memor
619 803 692 856 illius
710 819 787 855 escae

68 878 151 941 Quae
170 878 285 947 simplex
303 878 367 931 olim
383 877 436 931 tibi
454 878 571 944 sedarit;
588 882 617 932 at
635 878 714 932 simul
731 878 798 931 assis

67 953 219 1007 Miscueris
236 953 314 1019 elixa,
332 952 412 1006 simul
429 953 567 1021 conehyIIa
583 952 680 1021 turdis,

67 1028 172 1081 Dulcia
189 1045 220 1082 se
236 1028 265 1081 in
282 1028 364 1081 bilem
382 1032 492 1082 vertent
510 1029 702 1097 stomachoque
719 1028 867 1082 tumultum
901 1042 924 1082 ss

67 1103 164 1157 Lenta
178 1104 251 1157 ieret
269 1104 375 1172 pituita.
411 1103 498 1156 Vides
515 1106 548 1156 ut
564 1102 681 1171 pallidus
699 1104 787 1156 omnis

66 1179 167 1232 Coena
183 1177 314 1246 desmgat
331 1179 434 1233 dubiat
471 1178 542 1242 Quin
562 1194 658 1246 corpus
675 1183 801 1232 onustum

66 1254 221 1307 Ilesternis
238 1254 312 1307 vitiis
329 1255 450 1307 animum
467 1269 576 1321 quoque
594 1256 757 1321 praegravat
773 1250 835 1321 un'a,

66 1333 169 1397 Atque
186 1329 272 1397 affigit
288 1329 371 1381 humo
389 1328 498 1381 divinae
515 1328 676 1397 particulam
693 1344 783 1382 aurae.

66 1403 158 1457 Alter
174 1403 223 1457 ubi
240 1404 315 1457 dioto
333 1404 414 1457 citius
431 1407 525 1457 curata
543 1404 633 1472 sopori
899 1420 922 1459 ao

65 1478 201 1533 Membra
217 1479 295 1534 dedit
312 1482 426 1545 vegetus
442 1479 612 1546 praescripta
629 1477 666 1531 ad
682 1478 774 1531 mimia
791 1480 885 1545 surgit.

65 1553 127 1605 Hic
144 1556 237 1605 tamen
255 1552 292 1605 ad
308 1552 405 1605 melius
421 1552 525 1619 poterit
540 1557 726 1606 transcurrere
742 1552 886 1621 quondam,

64 1628 135 1681 Sira
154 1627 227 1681 diem
244 1628 344 1681 festmn
361 1627 471 1681 rediens
488 1627 632 1680 advexerit
649 1643 742 1693 annua,

63 1702 127 1756 Seu
145 1718 269 1756 recreare
286 1702 359 1756 volet
375 1705 519 1755 tenuatum
537 1718 642 1770 eorpus,
659 1702 761 1771 ubique

63 1776 215 1832 Accedent
232 1777 295 1830 anni
312 1781 342 1830 et
359 1778 472 1831 tractari
490 1776 597 1829 mollius
616 1781 692 1830 aetas
897 1793 922 1834 as

63 1851 213 1907 imbecilla
229 1852 316 1917 volet3
333 1852 384 1905 tibi
402 1852 532 1920 quidnam
550 1851 662 1905 accedet
678 1851 715 1904 ad
731 1852 812 1905 istam

63 1929 161 1991 Quam
181 1944 249 1996 puer
266 1932 296 1981 et
312 1928 418 1980 validm
434 1928 585 1995 praesumis
603 1928 750 1994 mollitiam,
769 1944 817 1982 seu

63 2004 151 2057 Dura
167 2003 294 2056 valetudo
310 2003 439 2056 inciderit
456 2019 505 2055 seu
522 2002 603 2055 tarda
620 2005 765 2057 senectust

63 2078 225 2132 Rancidum
244 2095 340 2147 aprum
357 2078 462 2146 antiqui
479 2077 634 2145 laudabant,
653 2094 705 2130 non
724 2078 787 2147 quia
803 2096 884 2133 nasus

64 2154 133 2208 Illis
150 2154 239 2207 nullus
257 2158 317 2207 erat
335 2152 384 2206 sed
401 2154 483 2207 credo
500 2152 551 2207 hac
568 2157 667 2220 mente,
685 2153 759 2221 quod
776 2154 872 2221 hospes
895 2170 919 2209 so

62 2228 189 2283 'sardius
205 2228 352 2282 adveniens
369 2228 496 2282 vitIatum
513 2228 679 2295 commodius
696 2246 777 2297 quam

64 2305 216 2372 Integrum
228 2305 298 2357 edax
310 2304 435 2357 dominus
446 2308 624 2358 consumeret.
660 2304 719 2357 Hos
731 2306 834 2358 utinam
847 2305 918 2358 inter

63 2380 181 2433 Heroas
191 2383 285 2432 natum
303 2379 385 2432 tellus
402 2396 447 2433 me
464 2378 552 2448 prima
569 2379 692 2433 tulisset!

63 2455 129 2508 Das
148 2454 250 2524 aliquid
267 2455 355 2507 famae
373 2471 444 2523 quae
461 2454 580 2507 carmine
596 2455 700 2521 gratior
717 2470 810 2508 aurem

65 2532 195 2595 Occupet
211 2530 369 2585 humanam:
386 2529 503 2597 grandes
522 2530 627 2583 rhombi
644 2530 807 2599 patinaeque
895 2546 918 2585 aa

65 2604 182 2658 Grande
198 2605 291 2658 ferunt
307 2622 362 2658 una
379 2622 440 2658 cum
459 2604 557 2657 damno
575 2604 708 2672 dedecus;
724 2604 796 2659 adde

66 2681 179 2733 Iratum
195 2685 331 2747 patruum,
349 2680 458 2747 ricinos,
476 2682 506 2733 te
523 2680 575 2733 tibi
592 2680 722 2749 iniquum,

67 2756 109 2815 lit
125 2755 228 2808 frustra
244 2757 340 2809 mortis
357 2755 493 2824 cupidum,
511 2770 573 2807 cum
590 2755 680 2808 deerit
697 2754 789 2822 egenti

69 2832 115 2888 As
132 2830 222 2898 laquei
239 2831 365 2898 pretium.
395 2830 509 2896 “lura'’
522 2830 619 2899 inquit,
632 2830 781 2885 “Trausius
798 2830 859 2887 istis

67 2907 206 2972 Jurgatur
222 2906 327 2972 verbis3
345 2922 395 2973 ego
411 2904 554 2971 vectigalia
570 2921 667 2972 magna
885 2924 917 2963 roo

68 2980 243 3049 Divitiasque
260 2980 348 3033 habeo
365 2979 454 3033 tribus
471 2980 574 3046 amplas
591 2978 722 3045 regibus?
759 2979 831 3047 Ergo

70 3055 153 3122 Quod
170 3059 280 3123 superat
297 3071 351 3107 non
369 3057 412 3107 cst
428 3052 525 3112 melius
543 3068 597 3121 quo
613 3053 749 3107 insumere
765 3054 867 3121 posslsl
