2025 3409
348 22 493 71 EPODON
510 22 629 83 LIBER,
647 24 671 72 3.
900 26 930 73 89

175 102 365 170 Pavidumque
373 104 493 169 leporem
501 102 877 171 etadvenamlnqueogrucm
908 121 931 159 aa

211 176 340 229 iucunda
358 181 450 247 captat
467 178 597 246 praemia

175 252 244 317 Quis
261 268 316 305 non
334 252 466 306 malarum
484 269 553 321 quas
570 269 647 306 amor
665 268 745 306 curas
763 252 846 309 habet

213 328 291 381 Haec
308 328 381 381 inter
400 328 589 382 obliviscitur?

176 403 281 468 Quodsi
298 403 398 471 pudica
415 404 514 457 mulier
531 405 559 457 in
578 408 686 471 partem
699 402 781 471 juvet

211 478 330 531 Domum
349 483 432 548 utque
451 479 545 532 dulces
562 478 671 546 liberos,
907 497 931 537 a

175 553 277 608 Sabina
295 554 383 622 qualis
400 558 449 608 aut
465 559 580 622 perusta
597 554 700 607 solibus

211 628 334 682 Pernicis
352 646 421 683 uxor
439 630 532 697 Apuli,

105 727 110 731 ·
174 702 287 759 Sacrum
307 704 423 758 vetustis
440 708 566 758 exstruat
583 704 665 773 lignis
681 704 770 758 focum

211 778 288 831 Lassi
307 778 357 832 sub
375 779 524 834 adventum
542 779 601 848 viri,

174 852 366 922 Claudensque
384 855 469 908 textis
485 855 606 909 cratibus
624 856 727 909 laetum
744 871 828 923 pecus
906 869 929 910 ss

212 928 342 981 Disteuta
359 928 442 983 siccet
459 929 553 997 ubera,

174 1003 213 1056 Et
230 1004 316 1057 horna
334 1004 407 1058 dulci
425 1006 487 1059 vina
503 1021 632 1074 promens
650 1004 722 1059 dolio

211 1078 304 1146 Dapes
321 1080 456 1149 inemptas
474 1084 606 1148 apparet:

174 1152 202 1205 N
204 1170 238 1205 ou
256 1170 301 1208 me
320 1154 438 1209 Lucrina
451 1155 576 1223 juverint
592 1156 729 1224 conchylia

212 1228 335 1297 Magisve
352 1229 482 1283 rhombus
499 1237 549 1284 aut
566 1231 644 1298 scari,
901 1245 927 1286 to

174 1302 204 1357 si
223 1320 291 1372 quos
309 1304 373 1359 Eois
391 1306 516 1359 intonata
533 1306 662 1359 fluctibus

211 1378 308 1433 Hiems
327 1380 363 1433 ad
381 1381 432 1435 hoo
450 1385 542 1435 vertat
559 1396 650 1445 mare;

173 1453 238 1506 Non
256 1454 327 1508 Afra
343 1456 402 1509 avis
421 1456 571 1509 descendat
588 1456 618 1509 in
635 1459 762 1510 ventrem
780 1471 877 1524 meum,
955 1523 957 1525 1

207 1528 270 1581 Non
288 1534 400 1597 attagen
419 1531 529 1585 Ionicus

172 1603 332 1672 Jucundior,
350 1622 432 1674 quam
449 1607 522 1659 lecta
539 1606 575 1659 de
592 1605 777 1675 pinguissimis

209 1678 289 1733 Oliva
306 1681 389 1733 ramis
407 1682 535 1734 arborum

173 1756 235 1808 Aut
251 1753 456 1823 herbalapathi
474 1760 553 1824 pratu
570 1756 687 1810 amantis
704 1760 734 1809 et
750 1754 827 1823 gravi

208 1828 316 1883 Malvae
334 1830 458 1885 salubres
476 1832 591 1899 corpori,

173 1904 227 1958 Vel
245 1921 316 1973 agna
332 1906 411 1960 sestis
429 1923 507 1961 caesa
525 1906 729 1974 Terminalibus

208 1980 261 2033 Vel
279 1980 383 2034 haedus
402 1986 515 2051 ereptus
532 1982 603 2050 lupo.
900 1994 924 2034 ta

173 2054 233 2107 Has
250 2055 324 2109 inter
342 2056 435 2124 epulas
452 2061 484 2111 ut
497 2057 580 2124 juvat
598 2061 690 2126 pastas
707 2072 771 2109 oves

207 2129 312 2184 Videre
328 2135 507 2199 properantes
525 2132 644 2199 domum,

147 2198 151 2205 ’
173 2203 277 2258 Videre
293 2205 380 2259 fessos
398 2223 536 2261 vomerem
553 2206 690 2260 inversum
709 2205 792 2259 boves

208 2279 283 2333 Collo
301 2282 443 2335 trahentes
460 2282 597 2350 languido,

172 2354 334 2425 Positosque
352 2373 456 2425 vernas,
475 2358 541 2411 ditis
559 2374 673 2411 examen
691 2356 795 2422 domus,
899 2369 922 2409 σε

207 2430 316 2485 Circum
334 2432 493 2486 renidentes
512 2434 610 2487 Lares!

172 2505 251 2559 Haec
268 2506 316 2559 ubi
333 2506 440 2561 locutus
458 2508 596 2562 fenerator
614 2508 738 2575 Alphius‚

206 2581 272 2634 Jam
285 2581 344 2649 jam
362 2583 471 2636 iuturus
489 2584 615 2650 rusticus,

171 2655 288 2710 Omnem
306 2658 414 2725 redegit
433 2659 530 2712 Idibus
547 2658 697 2727 pecuniam,

208 2732 321 2795 Quaerit
341 2732 474 2787 Kalendis
492 2750 601 2803 ponere.

171 2953 314 3010 Psuuums
332 2956 396 3009 olim
415 2957 438 3009 si
457 2874 525 3025 ᾳΙιιΙίξ
536 2957 620 3025 impia
636 2972 719 3009 manu

134 3032 135 3037 ’
207 3029 299 3083 Senile
315 3034 412 3098 guttur
430 3031 553 3097 fregerit,
