2025 3409
360 14 566 65 CARMINUM
581 16 636 67 111.
654 19 678 67 4.

229 95 328 151 Visam
346 97 492 153 Britannos
509 96 665 167 hospitibus
681 99 754 155 feros

230 172 272 229 Et
288 173 390 227 laetum
408 174 509 242 equino
525 174 656 241 sanguine
673 174 836 247 Concanum,

267 248 363 302 Visam
379 248 554 317 pharetratos
571 250 690 305 Gelonos
776 288 783 301 .

302 323 340 377 Et
357 324 513 393 Scythicum
529 325 674 380 inviolatus
691 343 806 383 amnem

233 398 294 451 Vos
312 400 457 453 Gaesarem
474 400 570 469 altum,
587 400 685 455 militia
701 402 782 457 simul

231 474 330 529 Fessas
347 476 472 529 cohortes
488 476 599 531 addidit
615 477 730 546 oppidis,

268 550 361 605 Finire
379 555 557 621 quaerentem
573 552 683 606 labores

301 626 390 680 Pierio
407 628 538 681 recreatis
554 631 642 681 antro.

232 700 290 754 Vos
307 701 370 755 lene
387 702 528 755 consilium
545 706 575 756 et
592 703 665 757 datis
681 706 711 757 et
728 704 795 758 dato

230 776 365 831 Gaudetis
382 778 476 831 almae.
510 778 624 843 Scimus,
642 783 675 834 ut
691 780 789 847 impios

266 852 377 907 Titanas
393 854 596 923 immanemque
612 858 731 909 turmam

300 928 426 982 Fulmine
444 930 586 984 sustulerit
602 931 711 998 caduco,

230 1002 286 1067 Qui
302 1007 407 1058 terram
424 1004 547 1073 inertem,
566 1006 614 1075 qui
630 1022 707 1060 marc
723 1010 861 1073 temperat

235 1077 392 1148 ventosum,
410 1084 439 1133 et
455 1080 539 1134 urbes
556 1098 696 1149 regnaque
713 1081 804 1136 tristia

257 1154 405 1225 ,Divosque
421 1156 606 1225 mortalesque
623 1156 720 1210 turbas

301 1231 421 1299 Imperio
438 1232 511 1299 regit
527 1248 597 1284 unias
614 1248 709 1300 aequo.

229 1304 362 1373 Magnum
379 1306 426 1359 illa
443 1310 579 1360 terrorem
595 1308 725 1361 intrueret
742 1307 807 1364 vai

230 1381 333 1435 Fidens
346 1381 479 1450 juventus
496 1382 609 1435 horrida
625 1382 751 1451 brachiis,

264 1457 432 1527 Fratresque
448 1458 596 1512 tendentes
612 1474 697 1527 opaco
730 1499 737 1518 ,

300 1532 394 1586 Pelion
411 1534 572 1601 imposuisse
590 1533 712 1603 Olympo.

228 1607 286 1663 Sed
304 1608 371 1678 quid
390 1608 530 1677 Typhoeus
547 1612 578 1663 et
594 1609 701 1662 validus
719 1609 826 1681 Mimas,

229 1686 289 1738 Aut
307 1684 374 1753 quid
392 1685 489 1737 minaci
507 1683 676 1753 Porphyrion
693 1688 775 1752 statu,

264 1760 337 1824 Quid
356 1760 478 1813 Rhoetus
495 1760 650 1829 evidsisque
667 1761 772 1813 trimcis

297 1835 450 1888 Enceladus
463 1834 600 1903 jaculator
615 1835 705 1887 audax

228 1910 331 1965 Gontra
348 1914 488 1963 sonantem
506 1910 627 1963 Palladis
642 1911 741 1977 aegida
763 1960 770 1965 .

228 1985 345 2039 Possent
362 1987 493 2040 ruentesi
529 1985 603 2038 Hinc
620 1986 717 2038 avidus
734 1986 814 2039 stetit

262 2061 408 2129 Vulcanus,
425 2060 489 2114 hinc
505 2064 631 2114 matrona
647 2061 721 2113 duno
738 2065 767 2114 et
811 2122 817 2129 .

296 2136 443 2205 Nunquam
460 2136 583 2189 humeris
599 2136 738 2205 positurus
754 2152 854 2206 arcum,

226 2211 281 2276 Qui
297 2212 360 2265 rore
378 2228 445 2279 puro
464 2210 599 2265 Castaliae
616 2211 683 2265 lavit

140 2296 141 2299 ’
226 2288 324 2343 Crines
342 2287 451 2354 solutos,
469 2287 517 2355 qui
532 2286 630 2354 Lyciae
648 2288 725 2340 tenet

235 2381 238 2388 ·
259 2362 380 2415 Dumeta
396 2362 569 2431 natalemque
587 2362 689 2425 silvam,

294 2438 390 2491 Delius
408 2442 438 2491 et
455 2437 587 2491 Patareus
605 2437 710 2505 Apollo.

224 2513 276 2567 Vis
292 2514 386 2567 consili
403 2529 503 2583 expers
520 2512 591 2566 mole
609 2514 664 2566 ruit
681 2529 746 2570 sua:

226 2589 290 2643 Vim
306 2593 489 2658 temperatam
506 2587 536 2641 di
553 2604 662 2657 quoque
678 2588 831 2656 provehunt

258 2665 292 2719 In
310 2666 401 2734 majus
410 2685 417 2731 ;
434 2664 510 2717 idem
527 2664 611 2717 odere
627 2663 700 2717 vires

293 2740 380 2795 Omne
397 2740 474 2794 nefas
490 2739 581 2792 animo
597 2741 745 2793 moventes.

223 2816 312 2871 Testis
328 2832 452 2870 mearum
468 2813 637 2868 centimanus
654 2812 727 2881 Gyas

164 2934 167 2940 ,
222 2890 433 2957 Sententiarum,
451 2893 533 2943 notus
551 2892 580 2941 et
596 2887 719 2954 integrao
908 2902 932 2943 ro

255 2966 388 3020 Tentatcr
405 2965 490 3016 Orion
508 2963 614 3014 Dianae

289 3040 422 3107 Virginea
438 3036 559 3089 domitus
575 3034 683 3100 sagitta.
