2025 3409
342 33 599 85 EPISTOLARUM
616 36 638 86 L
659 36 697 86 16.
897 32 941 86 177

85 189 136 244 Nn
153 189 324 261 permutetis
341 191 442 245 fundus
459 122 558 258 mXedlsI
563 192 666 260 optime
684 191 809 261 Quinti,

6 287 7 322 ι
87 268 168 319 Arvo
185 269 280 334 paseat
296 266 393 320 herum
412 284 447 321 an
464 269 554 322 baucis
572 268 713 336 opulentet
730 267 824 336 olivae,

5 339 9 350 “
87 342 220 396 Pomisne
238 346 267 395 et
284 343 372 410 pratis
389 360 424 397 an
441 344 542 399 amiota
559 342 660 397 vitibus
678 342 758 411 ulmo,

5 425 6 458 1
87 416 235 470 Soribetur
251 416 304 472 tibi
321 418 410 473 forma
427 418 578 487 loquaciter
595 421 625 473 et
643 419 713 472 situs
731 418 796 486 agri.

5 523 6 562 g
87 492 220 547 Continui
237 496 345 548 montes
362 494 391 547 ni
408 493 590 551 dissocientur
607 510 691 563 opaea
931 506 944 547 s

4 585 8 608 ι
88 568 180 636 Valle,
198 568 250 621 sed
266 574 299 623 ut
316 570 429 624 veniens
446 570 576 624 dextrum
594 569 667 623 letus
685 569 817 638 adspiciat
835 567 888 635 Sol,

88 642 215 697 Laevum
233 644 377 699 discedens
394 661 477 699 curm
492 645 616 713 fugiente
633 649 753 717 vaporet

88 716 264 804 Temperiem
282 719 392 823 iaudes.
420 720 501 788 Quid,
520 720 542 773 si
559 708 712 808 rdbieuuda
728 719 840 787 benigni

5 809 10 834 ι
89 793 183 848 corna
201 783 299 863 vep‘res
317 799 346 849 et
351 807 451 863 pruna
467 795 605 863 ierant,
584 812 607 848 sl
625 811 741 866 quereus
758 799 788 849 at
804 794 860 848 ilex

88 868 185 923 Multa
201 870 282 939 fruge
299 888 382 939 pecus
399 871 487 924 multa
503 871 644 924 dominum
657 871 738 939 juvet
754 864 892 938 umbra,
922 882 944 922 u

4 945 6 1018 J
90 944 178 998 Dicas
196 946 347 1000 adductum
364 946 477 1015 propius
493 946 623 1001 frondere
640 947 740 1001 Terent
728 950 794 1000 t.um

91 1018 168 1074 Fons
187 1022 270 1075 etiam
287 1022 346 1075 rivo
363 1022 430 1075 dare
447 1037 547 1076 nomen
563 1022 684 1088 idoneus,
703 1025 734 1075 ut
751 1037 802 1074 nee

4 1099 5 1102 ’
92 1094 235 1164 Frigidior
252 1097 383 1151 Thracam
400 1113 450 1150 neo
467 1097 561 1165 purior
578 1096 681 1151 ambiat
700 1095 819 1164 Hebrus,

4 1173 5 1176 ’
94 1172 210 1226 infirmo
228 1173 310 1241 capiti
329 1173 390 1227 fluit
407 1173 491 1241 utilis,
507 1172 584 1226 utilis
601 1173 669 1226 alvo.

94 1248 159 1302 Hae
175 1248 298 1302 latebrae
317 1248 418 1313 dulces,
436 1248 520 1302 etiam
538 1249 561 1301 si
579 1247 668 1302 eredis
686 1264 821 1315 amoenae,
922 1261 944 1301 ιι

4 1363 5 1372 ι
95 1325 266 1379 ineolumem
283 1324 334 1378 tibi
352 1340 397 1378 me
414 1328 556 1391 praestant
574 1323 782 1392 Septembribus
799 1322 880 1376 horis.

4 1449 5 1452 ,
94 1400 137 1454 Tu
154 1404 230 1455 reete
247 1399 315 1453 vivis
332 1399 355 1453 si
372 1416 452 1452 ouras
469 1416 529 1452 esse
548 1399 621 1468 quod
638 1398 724 1452 audis.

94 1476 239 1530 Jaetamus
252 1473 418 1543 jampridem
437 1474 524 1528 omnis
540 1478 569 1528 ts
589 1474 675 1528 Roma
692 1474 817 1539 beatum,

94 1551 152 1605 Sed
170 1567 267 1605 vereor
283 1567 319 1603 no
337 1549 381 1604 eui
399 1548 434 1603 de
451 1554 481 1605 te
498 1550 560 1619 plus
578 1566 660 1620 quam
678 1550 729 1604 tibi
747 1550 849 1618 credas,

94 1626 121 1679 N
123 1643 174 1680 eve
191 1629 273 1695 putes
289 1625 373 1679 edium
391 1625 514 1694 sapiente
531 1625 657 1695 bonoque
674 1625 794 1694 beatum,
915 1648 939 1687 ω

2 1732 5 1738 ·
95 1702 122 1756 N
124 1719 160 1756 eu
178 1702 201 1755 si
218 1706 248 1755 te
265 1700 383 1772 populus
400 1717 496 1755 sanum
507 1705 644 1771 reeteque
660 1702 795 1756 valentem

95 1777 214 1831 Diotitet
231 1776 364 1830 occultem
381 1775 486 1829 febrem
504 1776 556 1830 sub
572 1780 682 1845 tempus
700 1776 799 1830 edendi

96 1850 267 1918 Dissimules,
285 1851 372 1905 donee
388 1852 513 1907 manibus
531 1856 634 1906 tremor
650 1852 753 1906 incidat
770 1852 866 1906 unctis

95 1929 249 1984 Stultorum
265 1929 390 1982 incurata
406 1928 499 1997 pudor·
513 1929 600 1983 malus
618 1929 709 1983 ulcera
726 1928 803 1983 celat

95 2004 125 2057 Si
144 2004 206 2071 quis
223 2003 296 2058 bella
312 2003 364 2057 tibi
382 2007 457 2058 terra
473 2009 595 2073 pugnata
611 2004 734 2072 marique

95 2079 180 2133 Dicat
196 2082 227 2133 et
243 2078 286 2133 his
302 2078 394 2133 verbis
410 2095 510 2134 vacuas
526 2080 694 2148 permulceat
711 2095 803 2133 aures:

74 2155 190 2212 .“'l¹ene
207 2155 294 2223 magis
312 2154 415 2208 salvum
432 2155 549 2223 populus
566 2155 633 2209 velit
651 2172 686 2209 an
702 2153 833 2225 populum
850 2157 883 2208 tu

96 2232 195 2285 Servet
211 2230 241 2282 in
257 2229 384 2298 ambiguo
402 2230 449 2299 qui
466 2229 583 2284 eonsulit
600 2234 629 2285 et
647 2230 697 2284 tibi
715 2234 744 2284 et
761 2228 823 2283 urbi

3 2341 4 2344 =
95 2306 261 2377 Juppiter;”
282 2305 402 2373 Augusti
420 2305 516 2359 laudes
533 2322 681 2373 agnoscere
698 2306 799 2375 possis:

95 2383 167 2438 Cum
185 2381 288 2451 pateris
306 2381 415 2449 sapiens
432 2380 647 2449 emendatusque
664 2382 761 2449 vocari,
926 2406 951 2444 ω

96 2457 293 2527 Respondesne
309 2460 357 2513 tuo
375 2455 420 2509 die
437 2456 518 2509 sodes
534 2457 659 2511 nominet
694 2455 800 2525 Nempe

2 2555 5 2568 ·
95 2534 148 2589 Vir
165 2533 254 2587 bonus
272 2535 303 2586 et
319 2530 440 2601 prudens
459 2531 513 2585 diei
531 2530 653 2586 delector
671 2549 722 2600 ego
740 2550 771 2586 ae
787 2536 827 2587 tu

95 2608 149 2673 Qui
168 2608 247 2661 dedit
264 2608 317 2661 hoe
334 2607 416 2661 hodie
434 2624 494 2661 oras
513 2607 535 2659 si
553 2607 627 2661 volet
644 2609 757 2675 auferet,
775 2611 807 2661 ιιι
823 2606 848 2661 si

95 2683 236 2738 Detulsrit
253 2683 341 2737 fasces
358 2682 470 2750 indigno
488 2682 616 2737 detrahet
633 2682 715 2737 idem.

95 2759 200 2827 “Pone
217 2775 309 2812 meum
327 2758 402 2812 est:”
419 2758 516 2826 inquit.
552 2757 628 2813 Pono
645 2758 786 2828 tristisque
804 2758 946 2816 resedeat

3 2838 5 2863 ¹
96 2835 178 2889 Idem
196 2834 219 2888 si
236 2834 336 2889 elamet
353 2834 448 2900 iurem,
466 2837 549 2901 neget
567 2849 627 2888 esse
644 2834 781 2903 pudicum,

97 2910 253 2966 contendat
269 2910 367 2978 laqueo
385 2909 487 2963 collum
500 2909 632 2977 pressisse
649 2913 808 2979 paternum

3 3021 4 3044 ι
97 2987 227 3041 Mordeat·
244 2984 396 3055 opprobriis
413 2983 489 3037 faisis
506 2987 665 3052 mutemque
682 2985 801 3041 coloresi

98 3062 195 3116 Falsus
211 3061 298 3116 honor
310 3059 392 3127 juvat
409 3058 574 3112 etmenden
591 3059 703 3113 infamia
720 3064 808 3115 terret
926 3078 948 3119 e
