2025 3409
224 405 264 489 Q.
303 408 554 476 HORATII
591 404 803 475 FLACOI

361 556 674 627 CARMINUM

405 714 536 772 LIBER
556 712 618 770 III.

501 874 524 930 L

225 962 282 1016 ΟΜ
301 961 442 1030 profanum
463 960 560 1028 vulgus
578 962 608 1013 ct
626 974 723 1022 arcco;

225 1038 328 1091 Favete
346 1037 460 1104 linguis:
479 1035 598 1089 carmina
615 1051 670 1087 non
687 1033 764 1101 prius

259 1113 366 1166 Audita
384 1113 524 1166 Musarum
543 1111 669 1164 sacerdos

293 1188 453 1256 Virginibus
471 1186 618 1255 puerisque
636 1188 723 1238 canto
999 1247 1000 1256 ἵ

224 1263 331 1333 Regum
348 1262 533 1318 timendorum
551 1262 580 1315 in
600 1259 723 1329 proprios
740 1274 847 1328 greges,
927 1274 940 1316 t
999 1287 1000 1328 ς

225 1339 316 1408 Reges
334 1340 362 1392 in
382 1340 455 1407 ipsos
473 1338 618 1406 imperium
637 1339 680 1389 est
700 1333 779 1387 Joris

258 1416 332 1470 Clari
351 1415 485 1483 Giganteo
503 1411 651 1482 triumpho,

293 1492 397 1545 Cuncta
414 1490 556 1558 supercilio
577 1485 717 1541 moventis.

223 1568 274 1622 list
292 1569 324 1619 ut
341 1567 398 1619 viro
416 1566 459 1619 vir
477 1565 560 1619 latius
579 1563 689 1617 ordinet

224 1642 347 1696 Arbusta
365 1641 452 1708 sulcis,
472 1640 518 1694 hic
535 1639 693 1708 generosior

257 1717 413 1771 Descendat
433 1716 461 1769 in
482 1716 614 1785 Campum
633 1714 743 1783 petitor,

291 1792 413 1847 Moribus
434 1792 478 1845 hic
497 1792 646 1859 meiiorque
665 1790 737 1841 fama

222 1868 383 1938 Contendat,
403 1868 443 1921 illi
462 1866 545 1921 turba
564 1865 703 1919 clientium

223 1944 266 2000 Sit
283 1944 384 2012 major:
404 1960 491 2012 acqua
509 1942 570 2011 lege
590 1941 747 1997 Necessitas

256 2019 375 2073 Sortitur
395 2019 515 2087 insignes
535 2021 565 2071 ct
584 2017 653 2070 imos
663 2037 670 2082 ;

290 2094 379 2148 Omne
397 2110 483 2163 capax
501 2096 593 2147 movet
613 2109 683 2146 urna
702 2111 809 2152 nomen.

221 2170 369 2224 Districtns
388 2170 460 2223 ensis
478 2169 523 2222 cui
540 2185 623 2235 super
640 2168 724 2237 impia

221 2245 333 2302 Cervice
351 2244 454 2313 pendet
473 2260 529 2297 non
553 2243 658 2298 Siculae
677 2245 762 2314 dapes

255 2320 370 2375 Dulcem
389 2319 568 2374 elaborabunt
586 2335 717 2388 saporem,
999 2383 1000 2388 ἵ

252 2418 254 2421 ·
290 2396 351 2449 Non
372 2396 462 2449 avium
481 2395 655 2464 citharaeque
675 2400 771 2451 <antus
912 2416 935 2455 sa
999 2457 1000 2460 ,

221 2470 350 2528 Somnum
369 2472 509 2525 reducent
545 2470 661 2525 Somnus
680 2473 830 2540 agrestium

220 2546 303 2602 Lenis
323 2547 441 2601 virorum
459 2563 514 2601 non
532 2546 648 2600 humiles
667 2548 762 2603 domos

255 2623 376 2678 Fastidit
393 2623 603 2691 umbrosamque
621 2624 716 2691 ripam,
999 2665 1000 2670 ,

288 2698 314 2751 N
316 2715 351 2752 on
369 2698 498 2767 Zephyris
516 2699 621 2765 agitata
639 2698 748 2767 Tempe.
999 2679 1000 2722 ¹

219 2772 427 2827 Desiderantem
447 2774 520 2843 quod
541 2773 607 2826 satis
626 2778 669 2828 est
686 2791 776 2845 neque
909 2791 933 2832 es
999 2729 1001 2837 i

221 2848 428 2901 Tumultuosum
450 2848 579 2901 sollicitat
598 2865 681 2916 unare,

254 2920 281 2973 N
283 2936 313 2973 ec
332 2938 427 2974 saevus
447 2922 559 2974 Arcturi
578 2922 700 2977 cadentis
999 2895 1001 3020 i

290 2992 414 3060 Impetus
434 2996 613 3049 suborientis
633 2998 733 3067 Haedi,

219 3066 281 3121 Non
299 3066 458 3120 verberatae
477 3069 610 3134 grandine
629 3072 724 3125 vincae

222 3138 388 3204 Fundusque
406 3141 532 3205 mendax,
551 3142 649 3195 arbore
668 3160 741 3200 nunc
754 3132 847 3216 aquas
906 3166 931 3206 ss
