2025 3409
342 81 557 132 SA'HRARUM
574 82 598 132 1.
616 86 640 132 8.
871 79 916 127 las

66 158 164 213 Terret
181 159 237 213 fixa
253 163 384 229 vetatque
401 164 479 216 novis
496 164 637 217 considere
655 162 681 213 in
700 159 794 212 hortis.

65 234 132 288 Huc
148 236 224 304 prius
241 238 363 303 angulis
382 238 471 305 ejecta
488 240 621 292 cadavera
636 236 710 291 cellis

66 309 220 363 Oonservus
238 312 285 364 vili
303 314 437 379 portanda
454 314 563 368 locabat
579 314 608 366 in
624 328 693 366 arca

66 384 128 438 Hoc
146 386 260 439 miserae
277 386 351 455 plebi
369 389 461 443 stabat
478 406 621 443 commune
639 388 799 456 sepulcrum,
894 401 914 440 ro

66 460 216 515 Pantolabo
233 480 342 516 scurrae
360 464 587 533 Nomentanoque
602 464 708 532 nepoti:

66 536 143 589 llille
160 538 246 605 pedes
262 538 292 590 in
308 538 405 606 fronte,
425 543 563 594 trecentos
581 541 675 609 cippus
692 541 720 592 in
739 556 834 606 agrum

67 612 120 665 Hic
139 612 238 666 dabat:
259 613 388 668 Heredes
406 620 610 669 monumentum
628 633 663 669 ne
681 618 848 683 sequoretur.

67 687 145 741 Nunc
162 688 227 742 licet
245 689 374 757 Esquiliis
391 691 517 745 habitare
535 691 688 745 salubribus
704 695 788 758 atque

67 765 178 830 Aggere
195 764 224 816 in
241 766 332 832 aprico
350 766 469 833 spatiari,
487 782 542 833 quo
560 765 640 819 modo
657 765 753 818 tristes
893 776 914 816 ιε

67 839 145 891 Albis
161 840 305 892 informem
324 841 484 909 spectabant
502 840 607 895 ossibus
625 856 735 907 agrum;

66 912 133 966 Cum
149 914 217 966 mihi
234 931 288 967 non
306 918 413 969 tantum
430 917 560 983 furesque
578 917 707 983 feraeque
725 918 819 968 auctae

67 989 147 1043 Hunc
165 1008 264 1044 vexare
282 991 370 1045 locum
387 1008 468 1046 cuiae
486 997 551 1046 sunt
568 996 651 1061 atque
669 992 763 1058 labori,

67 1065 203 1128 Quantum
221 1067 386 1120 carminibus
404 1085 474 1137 quae
492 1072 601 1121 versant
620 1072 703 1135 atque
721 1068 832 1120 venenis

67 1140 207 1195 Humanos
224 1142 335 1197 animos,
371 1143 430 1196 Has
449 1143 522 1196 nullo
540 1142 656 1211 perdere
674 1159 784 1211 possum
891 1158 914 1197 m

64 1215 123 1269 Nec
137 1217 286 1285 prohibere
304 1217 392 1284 modo,
411 1219 492 1272 simul
509 1235 541 1272 ac
559 1235 626 1286 vaga
643 1218 708 1271 luna
725 1218 854 1272 decorum

65 1290 181 1345 Protulit
199 1308 237 1358 os,
256 1293 323 1361 quin
339 1310 401 1347 ossa
417 1294 512 1361 legant
529 1294 682 1361 herbasque
699 1298 835 1347 nocentes,

65 1366 129 1419 Vidi
149 1371 259 1435 egomet
277 1369 356 1436 nigra
375 1370 538 1423 succinctam
556 1369 657 1423 vadere
675 1368 748 1436 palla
803 1353 818 1383 Γ

64 1442 205 1495 Canidiam
223 1443 340 1509 pedibus
358 1446 440 1499 nudis
460 1461 596 1513 passoque
615 1443 736 1511 capillos

63 1517 131 1570 Cum
150 1518 258 1585 Sagana
275 1520 380 1586 majore
398 1521 564 1573 ululantem:
585 1520 671 1587 pallor
691 1523 821 1587 utrasque
891 1535 914 1573 ss

11 1615 12 1658 l
63 1592 178 1647 Fecerat
197 1594 346 1648 horrendas
366 1596 503 1663 adspectu
538 1595 666 1663 Scalpere
685 1598 787 1648 terram

63 1662 208 1735 Unguibus
227 1673 258 1723 et
275 1671 377 1738 pullam
397 1671 528 1725 divellere
548 1670 684 1724 mordicus
703 1687 800 1737 agnam

11 1785 12 1790 η
62 1744 236 1813 Coeperunt;
255 1761 334 1799 cruor
352 1746 380 1798 in
398 1746 498 1800 fossam
517 1747 643 1800 confusus
662 1754 701 1799 ut*
712 1746 776 1799 inde

11 1837 12 1892 }
61 1818 157 1873 Manes
176 1820 316 1887 elicerent,
328 1822 432 1875 animas
451 1838 581 1890 responsa
601 1822 719 1875 datmas.

61 1892 155 1948 Lanea
175 1899 205 1948 et
226 1895 330 1963 effigies
349 1900 417 1963 erat,
436 1898 524 1950 altera
542 1913 636 1950 cerea:
656 1896 742 1964 major
891 1909 913 1951 so

11 1995 12 2004 ι
61 1965 161 2038 lanea,
181 1987 252 2038 quae
269 1972 364 2039 poenis
383 1976 569 2040 compesceret
587 1969 757 2036 inferiorem
847 1995 848 1999 ¹

62 2045 149 2099 Cerea
168 2046 329 2113 suppliciter
347 2047 438 2100 stabat
458 2048 601 2100 servilibus
620 2051 653 2100 ut
671 2063 742 2115 quae

60 2120 127 2173 Jam
146 2122 271 2189 peritura
289 2122 385 2176 modis,
421 2123 547 2176 Hecaten
566 2126 644 2176 vemt
663 2123 756 2188 altera,
779 2138 886 2175 saevam

61 2196 162 2249 Altera
181 2196 362 2264 Tisiphonen3
381 2202 524 2265 serpentes
543 2202 627 2265 atque
645 2198 754 2251 videres

60 2271 189 2325 Iulernas
208 2288 300 2325 errare
319 2288 407 2340 canes,
425 2274 585 2342 Lunamque
603 2272 746 2326 rubentem
891 2288 913 2327 ss

61 2348 107 2401 Ne
125 2349 197 2401 foret
215 2348 258 2401 his
277 2349 357 2401 testis
376 2352 439 2417 post
458 2365 556 2415 magna
574 2347 661 2401 latere
680 2345 804 2416 sepulcra

62 2423 184 2475 Mentior
203 2427 233 2475 at
251 2422 275 2475 si
295 2423 363 2491 quid
381 2423 483 2476 merdis
501 2427 584 2491 caput
601 2423 727 2491 inquiner
744 2420 813 2475 albis

61 2499 221 2562 Corsorum,
237 2501 321 2565 atque
339 2499 369 2550 in
386 2514 431 2552 me
449 2499 541 2552 veniat
559 2498 670 2552 mictum
689 2502 772 2567 atque
790 2502 911 2552 cacatum

61 2573 155 2625 Julius
174 2577 205 2626 et
225 2572 329 2639 fragilis
349 2573 474 2628 Pediatia
491 2574 590 2641 furque
609 2573 741 2627 Vorenus.

60 2648 176 2716 Singula
187 2647 255 2716 quid
267 2651 432 2703 memoreml
454 2666 507 2717 quo
519 2653 600 2718 pacto
611 2649 716 2702 alterna
724 2648 867 2717 loquentes
890 2665 912 2703 lo

61 2724 187 2777 Umbrae
206 2740 268 2776 cum
289 2725 395 2791 Sagana
413 2727 572 2778 resonarent
591 2724 671 2777 triste
683 2728 712 2777 et
728 2729 843 2795 acutum,

62 2799 158 2867 thue
176 2799 233 2868 lupi
253 2799 367 2852 barbam
386 2800 476 2853 variae
493 2816 555 2853 cum
575 2799 658 2852 dente
677 2799 803 2852 colubrae

62 2874 233 2929 Abdiderint
251 2875 347 2928 furtim
366 2876 454 2941 terris,
473 2880 502 2929 et
519 2876 637 2943 imagine
656 2892 735 2929 cerea

62 2950 178 3017 Largior
196 2950 297 3003 arserit
315 2951 392 3018 ignis,
412 2955 442 3004 et
461 2955 566 3004 utnon
585 2951 664 3003 testis
684 2952 787 3003 inultus

62 3025 228 3079 Horruerim
248 3041 328 3077 voces
348 3024 491 3077 Furiarum
511 3026 541 3075 ct
558 3024 631 3073 faeta
649 3022 778 3073 duarum:
888 3035 912 3075 ιε

61 3100 135 3154 Nam
153 3100 273 3169 displosa
291 3103 369 3152 sonat
384 3103 518 3165 'quantum
535 3096 623 3148 vesica
641 3094 740 3162 pepedi
