2025 3409
360 34 575 83 SATIRARUM
593 34 614 82 Ι,
635 35 657 84 3.
890 32 932 79 lll

66 109 172 181 Saepe
190 115 286 165 deceni
305 128 413 177 servos;
430 114 512 166 modo
530 130 609 181 reges
627 116 710 182 atque
728 111 888 175 tetrarchas,

69 187 291 254 Omniarnagna
302 188 429 255 loquens3
447 188 536 255 modo,
549 189 614 241 “Sit
625 189 692 241 mibi
704 204 797 241 mensa
808 188 893 255 tripes
906 189 935 239 et

74 263 195 316 Concha
212 263 276 315 salis
292 264 355 331 puri
372 267 403 317 et
419 268 485 332 toga
502 280 573 333 quae
590 265 737 317 defendere
755 264 841 331 frigus

71 339 214 401 Quamvis
231 354 322 391 crassa
338 339 442 407 queat?
478 340 577 394 Decies
595 344 712 394 centena
729 338 853 391 dedisses
912 352 933 392 u

74 414 158 467 Huic
175 430 259 481 parco
275 415 369 481 paucis
385 418 520 481 contento,
539 416 660 483 quinque
677 413 774 467 diebus

74 488 129 541 Nil
148 493 211 542 erat
228 489 256 541 in
274 490 374 542 loculis.
410 490 512 543 Noctes
530 490 660 557 vigilabat
678 489 819 556 adipsum

75 564 175 632 blane,
192 564 267 617 diem
284 568 377 618 totum·
391 565 527 618 stertebat
536 586 542 630 ;
560 567 598 618 nil
615 566 668 617 fuit
685 581 803 633 unquam

76 640 128 693 Sic
146 641 237 708 impar
254 639 429 693 sibi-Nunc
446 640 545 709 aliquis
563 641 637 693 dicat
655 640 738 692 mihi:
756 638 849 703 “Quid
866 639 914 691 tur

77 716 106 768 N
108 716 204 768 ullane
216 715 301 768 habes
312 716 379 769 vitia
386 716 411 769 t’'
436 716 525 769 Immo
543 716 595 769 alia
607 719 637 769 et
650 716 765 767 fortasse
777 715 888 767 minora.
911 729 934 767 so

78 791 212 843 Maenius
229 790 369 843 absentem
387 791 505 843 Novium
523 808 584 844 cum
602 794 734 859 carperet,
753 790 850 843 “Heus
868 788 922 856 tu‚''

79 866 204 929 Quidam
221 866 268 933 ait,
286 867 413 933 “ignoras
430 870 468 933 te,
485 882 520 919 an
538 871 569 919 ut
586 867 709 933 ignotum
728 865 793 918 dare
811 864 889 917 nobis

80 940 180 994 Verba
196 942 308 1009 putasl'
344 942 481 1009 “Egomet
497 942 535 993 mi
552 942 682 1009 ignosco,‘'
698 942 822 994 Maenius
838 940 935 1009 inquit.

82 1017 195 1070 Stultus
213 1020 243 1070 et
260 1016 399 1085 improbus
417 1017 461 1069 hic
478 1032 555 1069 amor
572 1022 615 1070 cst
633 1017 786 1085 dignusque
803 1016 900 1071 notari.

81 1091 155 1145 Cum
173 1096 223 1145 tua
239 1093 383 1160 pervideas
400 1092 484 1144 oculis
501 1093 573 1145 mala
589 1091 678 1159 lippus
696 1092 820 1160 inunctis,
912 1106 935 1145 ae

83 1167 141 1220 Gur
158 1168 188 1219 in
205 1168 352 1220 amicorum
370 1167 444 1221 vitiis
462 1170 519 1219 tam
536 1168 625 1220 cernis
643 1171 752 1219 acutum

83 1242 503 1311 Quamautaquilaautserpcns
513 1242 693 1310 Epidaurius?
713 1243 754 1295 At
770 1242 822 1295 tibi
833 1246 927 1295 contra

83 1318 193 1385 Evenit,
211 1318 352 1387 inquirant
368 1318 436 1371 vitia
452 1322 484 1371 ut
502 1322 550 1370 tua
567 1332 661 1370 rursus
679 1321 708 1369 et
725 1318 771 1371 illi.

84 1394 249 1448 iracundior
266 1398 308 1447 est
325 1394 414 1462 paulo,
432 1393 521 1445 minus
539 1397 620 1461 aptus
637 1393 724 1446 acutis

10 1506 11 1524 r
83 1469 208 1523 Naribus
225 1469 322 1521 horum
339 1468 492 1533 hominum;
510 1468 595 1521 rideri
612 1469 697 1535 possit
714 1484 746 1521 eo
764 1468 838 1536 quod
913 1484 936 1523 aa

84 1546 226 1599 ltusticius
243 1548 322 1597 tonso
339 1549 403 1611 toga
420 1544 517 1596 defluit
535 1547 563 1597 et
581 1544 650 1596 male
668 1544 744 1597 laxus

86 1621 119 1673 ln
137 1621 212 1690 pede
229 1620 333 1673 calceus
351 1620 458 1673 haeret:
476 1623 506 1673 at
523 1623 566 1673 est
583 1618 670 1671 bonus
687 1622 719 1672 ut
736 1618 831 1672 melior
851 1618 890 1671 vir

83 1696 109 1747 N
111 1713 147 1749 on
166 1696 236 1748 alius
249 1696 400 1763 qrnsquam,
416 1699 446 1748 at
458 1694 510 1748 tibi
524 1695 633 1761 amicus,
648 1698 677 1747 at
690 1695 827 1761 ingenium
840 1694 935 1761 ingens

83 1771 195 1824 Inculto
213 1770 283 1823 latet
299 1770 350 1823 hoc
368 1769 419 1822 sub
436 1786 555 1838 corpore.
590 1770 715 1837 Denique
733 1774 761 1823 te
778 1771 867 1837 ipsum

83 1847 209 1900 Ooncnte
226 1862 291 1898 num
308 1862 363 1913 qna
379 1844 432 1897 tibi
449 1846 576 1898 vitiorum
594 1845 722 1898 inseverit
738 1846 803 1897 olim
913 1862 936 1899 aa

83 1922 201 1987 Natura,
220 1925 268 1975 aut
286 1923 369 1973 etiam
387 1920 554 1974 consuetudo
571 1920 657 1985 mala;
675 1936 791 1988 namque

83 1998 110 2049 N
112 1998 229 2065 eglectis
246 1997 351 2049 urenda
368 1996 426 2048 filix
442 1996 592 2048 innascitur
609 1996 688 2063 agris

85 2073 156 2125 Illuc
172 2076 386 2141 praevertamus,
404 2076 552 2125 amatorem
570 2070 644 2138 quod
662 2071 764 2125 amicae

84 2149 187 2216 l'urpia
205 2147 345 2214 decipiunt
362 2162 471 2199 caecum
489 2147 563 2213 vitia,
580 2151 628 2199 aut
646 2147 728 2198 etiam
746 2147 805 2215 ipsa
822 2146 888 2199 haee

84 2224 238 2290 Delectant,
256 2223 341 2276 veluti
360 2221 504 2274 Balbinum
522 2222 634 2289 polypus
653 2222 775 2288 Hagnae.
912 2239 935 2276 lo

84 2300 194 2354 Vellem
212 2299 240 2350 in
259 2297 377 2350 amicitia
395 2298 432 2350 sic
450 2313 618 2360 erraremus3
636 2300 665 2349 et
683 2298 729 2350 isti

85 2375 180 2429 Errori
198 2390 296 2426 nomen
314 2373 401 2425 virtus
418 2373 554 2440 posuisset
571 2372 722 2426 honestum.

85 2454 124 2505 At
142 2454 224 2519 pater
241 2453 273 2501 ut
289 2448 365 2515 gnati
383 2449 421 2501 sic
438 2464 486 2501 nos
504 2447 636 2501 debemus
654 2448 734 2501 arnici

83 2526 113 2580 si
130 2524 206 2595 quod
223 2525 260 2577 sit
277 2525 373 2577 vitium
390 2540 444 2575 non
462 2523 602 2577 Fastidire:
621 2523 774 2577 strabonem

85 2601 216 2669 Appellat
233 2604 345 2668 paetum
362 2603 448 2666 pater,
467 2603 496 2651 et
514 2599 617 2667 pullum
635 2600 705 2652 male
723 2616 822 2668 parvus
913 2618 934 2653 o

84 2676 113 2731 Si
132 2675 177 2729 cui
195 2676 266 2728 filius
285 2680 334 2742 cst,
352 2679 385 2727 ut
402 2674 542 2727 abortivus
560 2673 613 2726 fuit
630 2675 693 2727 olim

84 2751 230 2820 Sisyphum
246 2751 318 2804 hunc
336 2766 430 2803 varum
449 2750 574 2802 distortis
591 2750 730 2812 cruribus;
748 2750 823 2803 illum

84 2826 210 2881 Balbutit
228 2842 352 2879 scaurum
369 2826 460 2894 pravis
477 2824 577 2878 fultum
594 2824 665 2877 male
684 2826 753 2878 talia.

85 2902 196 2956 Parcius
213 2902 257 2955 hic
273 2902 348 2968 vivit,
367 2902 439 2968 frugi
457 2900 571 2953 dicatur.
607 2900 721 2968 ineptus

84 2977 120 3031 Et
132 2978 284 3047 jactantior
300 2977 344 3031 hic
361 2977 441 3045 paulo
459 2979 509 3042 est,
528 2975 673 3027 concinnus
692 2974 784 3028 amicis
909 2992 933 3031 te

86 3054 209 3109 Postulat
226 3057 259 3107 ut
275 3052 409 3107 videatur.
444 3052 485 3103 At
502 3054 545 3103 est
563 3048 741 3102 truculentior
759 3054 842 3117 atque
