2025 3409
395 56 463 104 ARS
479 55 638 106 POETICA.
893 55 940 107 2⁰7

96 136 148 202 Qui
164 135 264 191 didicit
280 136 388 205 patriae
405 137 473 205 quid
492 136 593 191 debeat
610 142 640 192 et
657 138 724 207 quid
741 137 842 206 amicis,

12 271 13 274 Ἴ
95 212 154 277 Quo
170 212 207 265 sit
225 228 318 266 amore
335 227 442 282 parens,
460 229 514 282 quo
530 213 617 267 frater
633 214 765 267 amandus
781 218 811 268 et
827 213 932 285 hospes,

12 288 13 314 ¹
96 287 175 353 Quod
192 287 229 341 sit
246 287 400 357 conscripti,
418 288 493 357 quod
506 288 609 357 judicis
626 290 750 357 officium,
768 306 838 358 quae

95 363 191 418 Partes
209 364 239 417 in
256 364 359 418 bellum
377 364 453 417 missi
472 364 557 431 ducis,
576 364 621 419 illc
639 364 761 433 proiecto
902 368 937 431 315'

96 438 224 495 Reddere
240 455 372 509 personae
389 440 441 493 scit
458 439 646 494 convenientia
663 440 768 509 cuique.

11 545 12 564 r
95 514 241 584 Respicere
257 515 396 583 exemplar
412 515 485 569 vitae
501 531 663 584 morumque
673 515 778 583 jubebo

94 589 212 645 Doctum
228 589 395 644 imitatorem
413 594 443 643 et
459 590 535 644 rivas
552 591 614 645 hinc
632 591 731 646 ducere
750 607 836 647 voees

95 664 239 719 Interdum
257 665 379 734 speciosa
394 666 460 719 locis
476 670 636 735 morataque
652 671 727 721 recte
765 665 769 675 ’

94 740 199 794 Fabula
214 740 315 794 nullius
331 741 446 808 veneris,
464 741 523 795 sine
539 741 661 811 pondere
677 746 707 797 et
724 746 790 809 arte,
908 762 942 801 ero

9 845 10 868 1
94 813 209 870 Valdius
226 814 347 869 oblectat
362 816 492 884 populum
510 817 661 886 meliusque
679 824 802 872 moratur

94 892 182 956 Quum
199 907 295 945 versus
311 891 405 960 inopes
422 908 515 945 rerum
530 909 674 961 nugaeque
690 910 810 949 canorae.

8 1005 9 1016 ,
94 967 185 1022 Graiis
201 966 349 1035 ingenium,
367 966 457 1020 Graiis
474 966 554 1022 dedit
570 984 617 1021 oro
634 968 751 1023 rotrmdo

93 1044 175 1097 Musa
191 1041 274 1111 loqui,
291 1045 402 1110 practer
419 1042 528 1096 laudern
545 1043 645 1096 nullius
663 1044 757 1099 avaris.

93 1118 210 1172 Romani
226 1117 305 1186 pueri
323 1116 410 1184 longis
427 1116 579 1171 rationibus
595 1134 683 1172 assem
905 1135 940 1175 sse

92 1193 210 1248 Discunt
227 1194 256 1246 in
272 1195 367 1262 partes
384 1196 494 1246 centum
513 1192 650 1248 diducere.
686 1194 787 1249 “Dicat

92 1270 179 1325 sirius
198 1270 305 1325 Albini:
324 1269 353 1323 si
372 1269 408 1323 de
426 1269 575 1336 quincunce
592 1273 698 1323 remota
715 1276 757 1323 est

92 1345 189 1413 Uncia,
202 1346 268 1413 quid
281 1346 408 1413 superati
433 1344 547 1397 Poteras
559 1344 682 1398 dixisse.''
707 1345 843 1399 “Tricas'’
861 1344 937 1399 “Eu!

92 1421 165 1475 Item
182 1420 285 1489 poteris
302 1435 410 1473 servare
427 1422 515 1473 tuam
546 1418 631 1473 Redit
646 1419 732 1487 uncia,
749 1420 823 1487 quid
833 1420 897 1475 fitr’

92 1496 222 1550 “Semis.”
259 1498 300 1548 At
317 1493 384 1548 haec
401 1493 505 1547 animos
522 1510 624 1561 aerugo
642 1498 672 1548 et
690 1511 755 1548 cura
771 1496 860 1563 peculi
911 1516 943 1555 ras

93 1571 165 1626 Cum
183 1569 267 1625 semel
286 1568 423 1637 imbuerit,
442 1586 583 1638 speramus
600 1570 720 1623 carmina
738 1570 803 1638 fingi
843 1626 849 1639 ,

93 1647 179 1701 Posse
197 1644 308 1699 lincnda
325 1644 407 1699 cedro
426 1648 455 1698 et
473 1644 528 1698 levi
546 1644 677 1698 seruanda
693 1646 837 1713 cupresso?

93 1724 156 1777 Aut
173 1721 304 1790 prodesse
322 1719 417 1774 volunt
435 1722 484 1773 aut
501 1719 639 1773 delectare
657 1724 762 1787 poetae,

93 1799 155 1853 Aut
174 1796 254 1850 simul
272 1798 301 1849 et
314 1794 437 1862 jucunda
455 1797 485 1847 ct
502 1793 601 1847 idonea
618 1793 709 1847 dicere
727 1796 806 1849 vitae.

93 1871 237 1941 Quidquid
254 1869 406 1940 praecipies
424 1872 483 1923 esto
501 1868 601 1937 brevis,
620 1872 653 1923 ut
670 1868 725 1923 cito
743 1870 816 1925 dicta
904 1884 938 1925 sss

94 1948 252 2016 Percipient
269 1945 352 1999 animi
371 1944 471 1998 dociles
489 1948 655 2011 teneantque
673 1944 783 2011 fideles;

94 2023 183 2077 Omne
201 2036 396 2089 supervacuum
413 2019 493 2089 pleno
512 2018 547 2073 de
564 2023 673 2087 pectore
690 2024 789 2075 manat.

3 2133 4 2154 i
94 2098 175 2153 Ficta
191 2096 339 2165 voluptatis
356 2112 438 2148 causa
455 2095 510 2148 sint
527 2094 650 2163 proxima
667 2096 746 2163 veris,

3 2159 4 2178 ¹
93 2173 122 2228 N
124 2189 155 2228 ec
172 2171 353 2241 quodcumque
370 2169 444 2224 volet
460 2173 554 2239 poscat
571 2168 624 2223 sibi
640 2169 733 2224 fabula
752 2172 832 2237 credi,

93 2248 122 2303 N
124 2264 159 2302 eu
175 2263 290 2316 pransae
309 2245 419 2299 Lamiae
435 2246 526 2298 rivum
542 2260 657 2314 puerum
675 2246 802 2301 extrahat
819 2248 885 2303 alvo.
905 2267 940 2306 aso

3 2353 4 2388 ἦ
93 2323 244 2379 centuriae
261 2321 397 2375 seniorum
416 2321 522 2387 agitant
540 2321 664 2388 expertia
681 2320 774 2389 frugis,

94 2399 168 2453 Gclsi
186 2399 365 2467 praetereunt
384 2399 493 2449 austera
511 2398 636 2464 poemata
655 2396 787 2453 Ramnes:

93 2474 185 2527 Omne
202 2473 268 2527 tulit
287 2474 418 2540 punctum
437 2471 485 2538 qui
503 2471 613 2525 miscuit
630 2471 698 2525 utilo
716 2472 796 2542 dulci,

93 2549 239 2603 hectorem
257 2546 419 2601 delectando
435 2545 594 2614 pariterque
610 2548 759 2614 monendo;

55 2634 62 2646 '
94 2624 151 2677 Hic
169 2625 258 2676 meret
277 2638 343 2675 aera
360 2621 430 2674 liber
449 2620 549 2684 Sosiis3
567 2619 611 2673 hic
630 2623 659 2674 et
677 2637 751 2675 marc
769 2624 869 2679 transit
907 2640 941 2681 sss

94 2698 133 2752 Et
150 2698 261 2763 longum
279 2700 345 2750 noto
363 2696 490 2763 scriptori
505 2697 635 2763 proroget
652 2712 754 2751 aerum

93 2773 166 2828 Sunt
184 2771 284 2825 delicta
301 2774 395 2824 tamen
413 2770 513 2839 quibus
528 2770 663 2837 ignovisse
679 2772 807 2838 velimus;

93 2844 941 2914 Namnequechordasonumredditquemrultmanusetmens,

93 2923 278 2990 Poscentique
296 2938 407 2990 gravem
426 2936 558 2990 persaepe
577 2921 695 2975 remittit
714 2927 838 2989 acutum;

92 2997 154 3052 Nec
173 3014 281 3065 semper
298 2995 380 3051 feriet
398 2995 579 3063 quodcunque
597 2996 747 3049 minabitur
765 3014 850 3052 arcus.
907 3013 942 3052 reo

93 3072 200 3126 Verum
217 3071 265 3124 ubi
284 3071 363 3140 plura
381 3071 470 3124 nitent
487 3070 517 3123 in
535 3070 655 3124 carmine
673 3086 727 3125 non
745 3087 796 3141 ego
814 3072 907 3142 paucis
