2025 3409
87 54 118 107 74

361 54 514 104 nonam
531 52 663 102 FLACCI

225 136 252 191 N
254 153 287 189 on
304 133 393 201 hydro
410 136 484 187 secto
502 147 617 199 corpore
635 130 741 183 firmior

225 210 305 264 Vinci
323 208 463 263 dolentem
480 206 567 260 crevit
583 206 611 258 in
630 205 788 274 Herculem,

259 285 449 341 Monstrumve
467 282 619 335 submisere
637 280 730 334 Colchi

294 359 385 413 Maius
402 358 584 411 Echioniaeve
602 355 720 410 Thebae.

226 434 333 489 Menses
350 433 492 502 profundo,
511 430 648 499 pulchrior
665 430 772 487 evenitz
928 435 962 475 os

227 511 353 576 Luctare,
371 508 457 562 multa
474 511 587 575 proruet
603 507 743 573 integrum

260 584 330 639 Cum
346 583 428 636 laude
445 583 577 636 victorem
594 587 731 649 geretque

296 659 403 713 Proelia
420 657 582 725 conjugibus
598 656 742 726 loquenda

228 734 391 802 Karthagini
404 732 464 801 jam
475 738 537 785 'nou
554 747 604 800 ego
621 731 733 785 nuntios

226 810 339 864 Mittam
357 809 500 877 superbos:
519 808 626 874 occidit,
644 807 744 861 occidit

262 884 332 952 Spes
349 884 436 937 omnis
453 886 483 937 et
500 884 609 936 fortuna
626 882 713 936 nostri

295 958 420 1012 Nominis
439 958 614 1011 Hasdrubale
630 957 807 1023 interempto.

227 1034 275 1089 Nil
293 1034 423 1087 Claudiae
441 1050 495 1087 non
512 1033 655 1101 perficient
672 1048 775 1099 manus,

228 1110 302 1174 Quas
319 1112 348 1163 et
364 1108 482 1185 benigno
499 1107 611 1160 numine
628 1105 759 1173 luppiter

262 1184 394 1237 Defendit
411 1188 441 1237 et
458 1198 540 1237 curae
559 1198 669 1249 sagaces
925 1194 958 1235 ⁷5

273 1261 276 1267 ’
295 1259 453 1328 Expediunt
470 1261 618 1327 peracuta
635 1256 708 1311 belli.

494 1401 521 1453 V

228 1484 309 1539 D1v1s
326 1486 386 1539 crte
402 1482 488 1545 bonis.
507 1484 609 1552 optime
628 1481 761 1536 Romulae

227 1560 326 1613 Custos
343 1561 440 1628 gentis,
459 1560 526 1613 abes
538 1559 598 1628 jam
615 1558 729 1611 nimium
747 1556 812 1623 diu;

227 1634 368 1688 Maturum
385 1635 505 1688 reditum
523 1634 658 1704 pollicitus
675 1636 786 1701 patrum

261 1710 359 1763 Sancto
377 1710 488 1763 concilio
506 1709 573 1763 redi.

227 1784 328 1839 Lucem
345 1784 432 1839 redde
450 1788 522 1852 tuae,
539 1785 596 1838 dux
612 1783 691 1851 bone,
708 1782 815 1852 patriae

227 1861 319 1914 lustau
336 1859 408 1915 veris
426 1860 498 1914 enim
516 1860 607 1913 vultus
623 1859 672 1912 ubi
689 1863 754 1912 tuus

227 1934 339 1989 Affulsit
355 1936 463 2005 populo,
481 1935 585 2001 gratior
601 1935 624 1990 it
643 1934 703 1987 dies

260 2010 297 2063 lit
315 2011 390 2073 soles,
401 2010 498 2063 melius
515 2010 611 2063 nitent

225 2084 266 2137 Ut
282 2089 370 2139 mater
383 2084 521 2153 juvenem,
539 2100 620 2153 quem
639 2084 730 2139 Notus
746 2084 840 2138 invido

226 2158 307 2212 Flatu
325 2160 463 2227 Carpathii
480 2164 557 2214 trans
574 2159 658 2212 maris
674 2176 793 2227 aequora
920 2178 946 2218 m

225 2233 405 2289 Cunctantem
423 2236 510 2303 spatio
528 2235 635 2303 longius
652 2251 741 2289 annuo

258 2310 338 2365 Dulci
356 2311 469 2365 distinet
486 2328 502 2363 a
520 2311 608 2379 domo,

224 2384 305 2439 Votis
322 2386 510 2455 ominibusque
527 2391 557 2440 et
573 2386 699 2455 precibus
716 2392 803 2454 voca,

225 2460 314 2514 Curvo
331 2478 381 2515 nec
397 2462 494 2515 faciem
511 2461 605 2515 littore
622 2462 764 2517 demovet:

224 2535 269 2589 Sic
287 2536 429 2589 desideriis
446 2538 501 2591 icta
518 2536 646 2590 fidelibus

258 2612 371 2676 Quaerit
387 2613 477 2680 patria
495 2612 647 2669 Caesarem.
728 2636 733 2664 ι

223 2685 308 2743 uatus
326 2686 375 2741 bos
392 2688 494 2742 etenim
512 2705 578 2743 rura
593 2687 772 2758 perambulat

222 2760 249 2814 N
252 2763 320 2817 utrit
336 2780 400 2817 rura
417 2764 500 2818 Ceres
517 2764 643 2834 almaque
660 2765 808 2832 Faustitas,

223 2835 354 2890 Pacatum
372 2838 486 2892 volitant
503 2856 554 2907 per
572 2856 647 2893 mare
664 2840 779 2907 navitae,

258 2910 367 2979 Gulpal'l
383 2914 482 2968 metuit
500 2914 590 2981 Fides,
913 2943 937 2981 ῃ

225 2980 314 3036 Nullis
330 2986 459 3052 polluitur
477 2991 552 3041 casta
570 2988 666 3042 domus
683 2988 794 3057 stupris,

225 3056 287 3107 Mos
305 3060 333 3109 et
349 3059 393 3110 lex
410 3060 573 3114 maculosum
591 3062 713 3116 edomuit
729 3065 814 3131 nefas,
