2025 3409
67 64 112 113 154
345 65 499 114 HORATII
517 64 646 113 FLACCI

65 141 125 194 Aut
143 143 207 211 quia
223 160 278 197 non
297 144 383 197 sentis
400 143 474 212 quod
491 144 592 197 clamas
609 143 712 198 rectius
729 159 797 211 esse,
890 160 918 199 ss

65 216 125 270 Aut
141 220 206 285 quia
223 236 277 272 non
295 220 390 272 firmus
407 224 512 273 rectum
531 218 663 279 defendis,
681 222 711 272 et
728 218 824 273 haeres

64 289 254 363 Nequiequam
272 311 355 348 coeno
373 294 486 363 cupiens
504 294 621 347 evellere
639 294 768 361 plantam

65 365 169 423 Romae
186 386 234 423 rus
252 374 337 438 optas,
356 369 496 423 absentem
514 370 632 423 rusticus
649 369 746 422 urbem

66 441 148 496 'follis
165 445 201 499 ad
219 450 295 498 astra
312 445 386 499 levis.
421 446 450 498 si
469 462 602 513 nusquam
619 461 649 497 es
667 444 738 498 forte
755 447 867 497 vocatus

67 517 114 569 Ad
131 534 242 573 coenam
260 521 356 574 laudas
368 538 494 574 securum
512 522 571 574 olus
589 536 627 587 ac,
646 520 721 573 velut
739 534 855 586 usquam
892 532 918 574 ae

65 591 183 648 Vinctus
199 612 252 663 eas,
271 596 311 649 ita
328 599 357 649 te
374 596 481 649 felicem
499 596 569 649 dicis
585 612 714 663 amesque

66 667 146 731 Quod
163 688 297 740 nusquam
314 672 367 725 tibi
385 672 422 724 sit
439 672 597 741 potandmn.
632 671 754 724 Jusscrit
770 670 807 724 ad
824 686 854 723 sc

65 743 211 799 Maecenas
229 764 320 801 serum
338 746 390 800 sub
406 747 510 800 lumina
526 748 614 815 prima
630 746 723 800 venire

65 819 226 876 Convivam:
246 823 284 875 ‘N
287 839 365 877 emon
383 823 472 876 oleum
490 823 545 876 fert
562 823 653 876 ociusi
672 822 774 891 Ecquis

67 895 155 949 Audit
164 897 180 950 i'
200 914 262 950 eum
280 914 379 966 magno
396 897 516 951 blateras
533 898 650 951 clamore
667 898 799 965 tegisque.
891 912 927 953 ss.

65 970 185 1025 Mulvius
202 976 232 1027 ct
249 990 358 1027 scurrae
377 974 428 1028 tibi
445 990 499 1026 non
517 973 660 1027 referenda
677 974 781 1043 precati

65 1045 225 1101 Discedunt.
261 1049 370 1102 Etenim
388 1050 476 1103 fateor
494 1066 546 1115 me,
564 1048 667 1103 dixerit
686 1050 740 1115 illc,

66 1121 136 1175 Duci
154 1128 249 1178 ventre
266 1124 364 1191 levem,
382 1141 478 1178 nasum
495 1126 590 1177 nidore
608 1125 725 1193 supinm,

67 1197 230 1265 Imbecillus,
247 1200 328 1265 iners,
346 1201 369 1253 si
388 1200 455 1268 quid
472 1200 513 1252 vis
531 1200 603 1255 adde
620 1201 728 1269 popino.

66 1271 114 1338 Tu,
132 1290 193 1326 curn
212 1274 249 1326 sis
267 1274 341 1342 quod
358 1292 409 1343 ego
426 1279 455 1328 ct
472 1276 596 1329 fortassis
613 1276 734 1344 nequior,
753 1275 826 1329 ultro
890 1290 917 1329 ec

67 1347 208 1402 Insectere
225 1350 301 1403 velut
318 1350 415 1403 melior
432 1349 577 1419 verbisque
595 1351 701 1403 decoris

67 1422 202 1477 Obvolvas
220 1425 333 1479 vitiumi
370 1424 451 1492 Quid,
469 1426 493 1478 si
510 1442 555 1479 me
573 1426 682 1479 stultior
699 1427 759 1495 ipso

67 1498 229 1565 Quingentis
247 1505 339 1568 empto
357 1501 494 1554 drachmis
513 1500 706 1569 deprenderis!¹
743 1500 831 1555 Aufer

67 1573 114 1627 Me
131 1574 209 1627 vultu
226 1578 347 1641 terrere3
366 1593 475 1629 uranum
493 1576 716 1643 stomachumque
733 1580 835 1643 teneto,

67 1648 140 1702 Dum
158 1668 230 1718 quae
249 1652 367 1720 Crispini
385 1652 479 1705 docuit
496 1668 541 1705 me
554 1651 659 1719 janitor
677 1652 736 1705 edo.
891 1665 915 1705 rs

68 1725 106 1779 Te
124 1726 222 1795 conjux
241 1727 329 1780 aliena
343 1728 427 1795 capit,
446 1727 619 1780 meretricula
638 1726 757 1779 Davum:

69 1801 168 1855 Peccat
185 1806 250 1856 uter
267 1808 391 1856 nostrum
411 1819 490 1855 eruce
510 1802 635 1869 dignius?
672 1802 753 1855 Aeris
770 1800 817 1852 ubi
834 1816 877 1853 mc

68 1876 94 1929 N
96 1880 176 1930 atura
193 1878 320 1943 intendit,
341 1878 391 1931 sub
410 1878 484 1931 clara
502 1878 577 1931 nuda
594 1877 703 1930 lucerna

69 1952 251 2021 Quaecunque
269 1954 377 2020 excepit
395 1954 533 2020 turgentis
552 1953 668 2006 verbera
685 1951 794 2018 caudae,

69 2027 199 2081 Clunibus
218 2033 267 2082 aut
287 2029 402 2096 agitavit
423 2045 524 2096 equum
542 2028 642 2080 lasciva
660 2028 793 2095 supinum,
891 2041 918 2082 aa

69 2102 192 2155 Dimittit
210 2120 299 2171 neque
318 2105 449 2157 famosum
468 2120 559 2171 neque
581 2102 724 2156 sollicitum
742 2118 777 2154 ne

69 2177 160 2230 Ditior
179 2183 227 2231 ant
245 2179 349 2233 formae
367 2179 487 2231 melioris
506 2179 590 2231 meiat
609 2178 713 2231 eodem.

70 2252 110 2305 Tu
128 2270 189 2306 cum
208 2255 339 2322 projectis
358 2254 516 2321 insignibus,
536 2253 634 2307 annulo
654 2252 775 2320 equestri

70 2328 246 2398 Romanoque
264 2330 366 2395 habitu,
385 2330 479 2398 prodis
499 2346 535 2383 ex
550 2329 645 2397 judice
663 2328 751 2381 Dama

69 2403 174 2473 Turpis,
193 2405 337 2459 odoratum
357 2410 438 2473 caput
457 2404 620 2457 obscurante
639 2403 753 2468 lacerna,

69 2479 132 2534 Non
151 2497 181 2534 es
202 2481 277 2549 quod
296 2481 423 2535 simulas?
459 2480 587 2533 Metuens
605 2478 742 2532 induceris
762 2480 845 2547 atque

71 2554 228 2608 Altercante
248 2554 405 2607 libidinibus
423 2556 519 2608 tremis
537 2570 598 2607 ossa
616 2570 722 2623 pavore.

71 2629 143 2693 Quid
161 2630 246 2683 refert
264 2631 315 2697 uri,
335 2630 418 2697 virgis
438 2631 565 2699 ferroque
583 2630 673 2683 necari

71 2709 237 2758 Auctoratus
256 2723 310 2770 cas,
330 2722 364 2759 an
385 2706 460 2773 turpi
479 2706 585 2758 clausus
605 2706 632 2757 in
652 2720 721 2771 arca,

70 2778 130 2841 Quo
148 2783 178 2830 te
197 2778 308 2832 demisit
326 2780 431 2847 peccati
450 2780 556 2832 conscia
575 2780 675 2845 herilis,
890 2802 917 2842 ω

71 2853 248 2905 contractum
266 2854 381 2919 genibus
399 2859 495 2920 tangas
514 2856 612 2922 caput?
632 2856 718 2907 Estne
736 2854 833 2909 marito

71 2925 213 2977 Matronae
232 2928 370 2991 peccantis
387 2928 415 2979 in
433 2927 513 2980 ambo
525 2928 602 2995 justa
619 2932 759 2999 potestas?

71 2998 106 3048 In
124 3008 309 3065 corruptorem
325 3001 369 3052 rel
382 3001 491 3064 justior.
528 3003 579 3055 Illa
595 3008 685 3058 tamen
705 3022 734 3058 se

72 3069 97 3121 N
100 3086 134 3121 on
152 3070 247 3123 habitu
264 3076 385 3125 mutatve
402 3075 467 3141 loco,
485 3083 612 3142 peccatve
630 3097 755 3145 superae.
