2025 3409
344 79 497 130 HORA'I'II
515 81 646 131 FLACCI

207 158 371 226 Nuptiarum
390 176 488 229 expers
507 164 537 215 et
553 160 644 214 adhue
660 165 791 229 protervo

241 234 333 289 Cruda
350 236 456 291 marito.

206 308 248 363 'lu
265 314 345 378 potes
363 312 449 379 tigres
468 311 638 380 comitesque
656 311 739 366 silvas

206 384 315 439 Ducere
333 389 363 440 et
380 387 452 439 rivos
470 386 573 439 celeres
590 386 691 439 morari
700 406 709 451 ;

207 460 297 515 Cessit
315 460 440 514 immanis
459 461 511 515 tibi
528 461 681 515 blandienti

240 537 351 591 Janitor
367 536 445 590 aulae

207 610 351 678 Cerberus,
369 610 494 680 quamvis
511 610 610 664 furiale
627 615 737 666 eentum

207 686 335 741 Muniant
352 700 455 755 angues
472 690 555 754 caput
573 686 633 754 ejus
650 691 735 756 atque
774 712 777 717 ·

207 761 326 831 Spiritus
344 765 418 815 teter
435 761 580 829 saniesque
597 766 692 815 manet

242 837 297 891 Oro
315 837 447 905 bilingui.

207 912 278 976 Quin
296 916 325 966 et
344 912 424 965 Ixion
442 912 590 981 Tityosque
607 912 686 966 vultu

207 987 280 1042 Risit
298 987 391 1055 invito,
410 989 489 1041 stetit
506 1005 577 1041 urna
594 988 714 1056 paullum

206 1062 284 1117 Sieea
301 1063 367 1117 dum
384 1067 463 1131 grato
482 1064 570 1117 Danai
589 1064 693 1132 puellas

240 1138 366 1193 Carmine
384 1138 493 1192 mulces.

206 1214 314 1269 Audiat
332 1214 408 1283 Lyde
426 1214 514 1267 scelus
531 1216 615 1283 atque
633 1218 712 1267 notas
900 1232 925 1270 a

206 1290 351 1358 virginum
368 1307 469 1360 poenas
488 1293 519 1343 et
535 1288 617 1344 inane
634 1290 760 1360 lymphae

206 1365 315 1419 Delium
333 1367 417 1420 fundo
435 1365 576 1435 pereuntis
593 1363 655 1431 inio,

241 1441 362 1510 Seraque
380 1442 438 1496 fata

207 1516 283 1580 Quae
299 1521 412 1570 manent
429 1516 523 1585 culpas
540 1516 624 1571 etiam
643 1516 694 1570 sub
712 1516 791 1570 Oreo.

207 1592 415 1660 Impiae‚-nam
434 1592 500 1661 quid
520 1597 635 1660 potuere
653 1591 794 1660 majusl-
900 1611 924 1649 as

208 1667 314 1737 Impiae
333 1684 444 1736 sponsos
462 1672 577 1736 potuere
596 1667 665 1721 duro

241 1742 363 1797 Perdere
380 1744 466 1797 semol

205 1819 269 1874 Una
286 1820 322 1874 de
339 1820 433 1873 multis
451 1820 510 1873 faee
527 1820 644 1888 nuptiali

206 1894 297 1963 Digna
314 1895 454 1964 perjurum
473 1895 526 1949 luit
542 1895 571 1948 in
589 1898 732 1964 parentem

205 1970 354 2039 Splendida
371 1971 489 2024 mendax
507 1974 536 2025 et
553 1971 582 2023 in
600 1987 680 2024 omne
698 1971 776 2039 virgo
899 1988 924 2027 ss

177 2056 183 2063 ‘
239 2046 347 2099 Nobilis
365 2062 470 2111 aetum,

206 2120 339 2188 “Surge”
358 2138 428 2189 quae
447 2120 518 2174 dixit
530 2121 627 2189 juveni
644 2122 750 2188 marito,

206 2196 324 2263 “Surge
341 2212 377 2249 uo
393 2196 490 2263 longus
508 2196 559 2249 tibi
578 2213 689 2250 somnus
708 2197 781 2250 unde

205 2270 268 2325 Non
285 2272 367 2325 times
384 2271 482 2336 delum
500 2288 624 2325 socerum
641 2275 670 2326 et
687 2272 816 2327 scelestas

241 2344 316 2398 Fallo
334 2361 447 2413 sorores.
897 2376 921 2413 ω

206 2420 281 2484 Quae
300 2420 374 2474 velut
391 2424 487 2475 nactae
505 2421 604 2475 vitulos
621 2420 733 2475 leaenae

206 2495 331 2563 Singulos
349 2497 419 2550 eheu
437 2497 571 2551 lacerant:
590 2513 642 2565 ego
659 2496 712 2550 illis

205 2569 314 2624 Mollior
330 2588 380 2625 nee
398 2576 427 2625 te
444 2571 542 2625 feriam
560 2588 650 2641 neque
669 2572 741 2627 intra

240 2646 366 2700 Claustra
383 2646 489 2702 tenebo.

205 2720 253 2773 Me
270 2727 350 2788 pater
367 2722 454 2775 saevis
471 2727 567 2775 onerat
585 2723 689 2776 eatenis

206 2795 286 2857 Quod
304 2797 361 2849 viro
380 2797 497 2849 clemens
515 2799 613 2851 misero
631 2797 756 2865 peperci3

206 2868 253 2922 lle
271 2871 314 2923 vel
333 2873 470 2923 extremos
488 2872 671 2925 Numidarum
690 2874 716 2924 in
735 2886 814 2941 agros

241 2943 334 2997 Classe
351 2945 462 3011 releget

207 3016 222 3069 1
239 3017 324 3083 pedes
342 3034 396 3084 quo
414 3023 443 3070 te
459 3020 571 3085 rapiunt
588 3024 617 3073 et
634 3038 717 3073 aurae

206 3089 280 3144 Dum
297 3091 371 3143 iavet
388 3106 441 3142 nox
459 3095 488 3145 ot
506 3094 607 3153 Venus.
624 3095 634 3146 i
652 3097 772 3151 secundo
890 3119 914 3159 ω
