2025 3409
312 65 518 116 oARMINUm
534 63 558 114 1.
578 65 615 121 14,
636 65 674 115 lb.
885 68 912 117 ll

451 211 531 267 XIV.

168 294 193 350 0
210 312 300 363 nsum,
318 297 440 349 referent
457 294 486 347 in
504 309 581 347 mure
598 297 628 348 te
644 294 717 366 nori

167 370 297 426 Fluctus!
336 369 446 439 Oquid
463 370 543 437 ogisi
578 369 701 423 Fortiter
718 384 819 439 occupo

202 446 324 500 Portum
359 446 459 499 Nonne
476 445 556 498 vides
572 448 604 499 ut

236 521 350 575 Nudum
368 521 480 589 remigio
497 520 571 574 letus

167 595 205 651 lot
221 596 309 650 melus
324 596 406 650 celeri
424 597 531 651 seuoius
549 595 644 649 Africo
903 610 918 653 t

167 674 370 741 Aniennseque
387 675 499 740 gemant
516 688 548 725 ue
565 671 625 725 siue
642 671 752 727 funibus

201 747 258 801 Vix
274 747 376 801 durare
393 748 501 801 carinus

236 822 347 877 Possint
362 823 549 891 imperiosius.

167 898 301 967 Aequorl
335 897 362 951 N
364 915 399 952 on
417 898 469 951 tibi
487 902 553 952 sunt
568 898 678 966 integro
694 897 787 966 linteo,

167 974 231 1028 Non
248 973 285 1041 di,
303 990 371 1042 quos
387 974 488 1027 iterum
505 989 603 1043 presse
618 988 699 1027 voees
715 972 793 1027 molo.
892 986 914 1025 ιο

202 1050 331 1114 Quemvis
349 1048 463 1103 Pontion
479 1050 570 1118 pinus,

236 1125 325 1179 Silvae
342 1124 398 1178 iilis
414 1124 521 1192 nobilis,

167 1199 263 1253 Jeetes
280 1204 310 1255 et
326 1216 413 1268 genus
430 1203 460 1255 et
476 1216 575 1254 nomen
593 1200 708 1266 inutile;

56 1332 58 1335 ,
167 1274 215 1329 Nil
232 1276 313 1345 pictis
329 1276 443 1329 timidus
460 1275 554 1330 navita
570 1275 709 1345 puppibus

202 1350 284 1405 Nidit
319 1350 367 1419 l'u,
385 1351 438 1405 nisi
455 1351 547 1405 ventis
891 1362 914 1403 ιι

236 1425 330 1481 Debes
347 1426 504 1494 ludibrium,
523 1442 596 1481 eave.

62 1505 73 1532 ¹
167 1499 265 1569 Nuper
281 1500 426 1555 sollicitum
443 1518 515 1571 quae
532 1501 600 1555 mihi
617 1500 748 1568 taedium,

168 1575 250 1632 Nune
266 1576 434 1631 desiderium
451 1594 572 1647 curaque
588 1593 644 1631 non
661 1576 736 1644 levis,

204 1652 342 1707 Interfusa
358 1653 479 1707 nitentes

238 1727 320 1783 Vites
337 1744 457 1798 aequore
475 1727 614 1797 Cyclades.

462 1866 525 1921 XV.

167 1947 277 2003 Pnsron
294 1964 355 2001 oum
373 1948 497 2003 traheret
513 1966 565 2018 per
581 1948 653 2002 freta
669 1946 783 2003 neribus

168 2024 261 2078 Idaeis
279 2023 406 2077 Helenen
423 2024 547 2093 perfidus
563 2023 707 2093 hospitem,

168 2100 282 2167 Ingrato
298 2098 402 2153 celeres
419 2100 513 2154 obruit
529 2100 585 2154 otio

202 2176 307 2229 Ventos
324 2178 356 2229 ut
373 2180 485 2230 caneret
502 2176 563 2231 fera

168 2250 276 2305 Nereus
293 2250 365 2305 fate:
384 2251 458 2305 Mola
475 2252 554 2305 ducis
571 2252 615 2306 evi
632 2254 743 2306 domum
899 2266 913 2308 s

166 2327 254 2391 Quem
270 2326 357 2379 multo
374 2330 486 2396 repetet
504 2326 619 2381 Graecis
635 2327 730 2393 milite,

166 2400 315 2471 conjurata
331 2406 393 2455 tuas
410 2418 539 2471 rumpere
557 2402 667 2472 nuptias

200 2478 238 2531 llt
254 2493 369 2545 regnum
388 2476 489 2531 Priami
507 2481 594 2531 vetus.

165 2552 231 2607 Heu
247 2552 302 2606 heu
319 2556 438 2621 quantus
455 2553 541 2623 equis,
559 2558 676 2622 quantus
693 2553 774 2606 adest
790 2554 857 2607 viris

165 2628 271 2683 Sudor!
291 2631 394 2697 quanta
411 2645 504 2683 moves
521 2628 619 2683 funere
637 2629 783 2683 Dardanae

164 2704 266 2759 Genti!
302 2704 367 2757 Jam
384 2704 489 2771 galeam
508 2704 598 2758 Palles
616 2707 646 2759 et
662 2705 762 2773 aegide

198 2780 356 2849 Curiusque
374 2783 404 2834 et
421 2780 526 2834 rabiem
543 2784 629 2848 parat.

163 2854 354 2924 Neqnioquem
371 2856 489 2909 Veneris
505 2856 644 2925 praesidio
659 2856 738 2910 ferox

163 2930 262 2985 Pectes
279 2930 427 2985 caesariem
445 2936 577 2999 grataque
594 2932 703 2985 feminis

163 3006 273 3061 Imbelli
290 3006 395 3059 eithara
413 3005 532 3057 connino
549 3004 673 3069 divides3

197 3080 223 3134 N
225 3080 389 3150 equiequem
405 3077 525 3133 thalamo
541 3092 640 3145 graves
