2025 3409
338 76 483 127 EPODON
500 76 618 137 LIBER,
636 79 660 128 9.
894 74 927 125 95

178 156 243 211 Nec
262 157 299 211 sit
316 158 422 225 marita,
441 174 512 227 qnae
531 155 735 210 rotundioribus

219 232 325 285 Onusta
342 232 431 286 baccis
450 232 579 287 ambulet.

179 306 264 373 Quid,
283 307 357 375 quod
374 307 460 360 libelli
479 307 563 361 Stoici
580 307 655 359 inter
673 306 773 361 sericos

216 381 315 436 Jaoore
332 382 457 450 pulvillos
476 384 587 436 amant:

179 456 312 512 Illiterati
329 474 395 510 num
414 458 502 510 minus
521 456 599 510 nervi
617 456 714 524 rigent,

217 531 342 586 Minusve
360 532 472 600 languet
489 532 641 585 fascinnml

178 605 263 672 Quod
281 611 315 661 ut
333 607 451 676 superbo
470 622 600 675 provoces
620 606 655 660 ab
673 604 791 673 inguine,

208 680 264 735 Ore
281 682 485 735 allaborandum
505 686 550 737 est
568 681 627 736 tibi.
906 698 929 737 a

180 911 301 978 Qusnno
318 914 457 979 repostum
478 910 633 964 Caecubum
652 906 689 961 ad
707 906 791 959 festas
809 904 894 973 dapes

215 986 328 1041 Victore
346 987 435 1040 laetus
455 986 573 1040 Caesare

180 1062 282 1116 'lecum
301 1062 352 1116 sub
372 1062 501 1116 alta-sic
522 1061 586 1114 Jovi
606 1057 837 1129 gratum-domo,

215 1138 302 1191 Beate
322 1138 473 1203 Maecenas,
492 1136 586 1189 bibam

179 1212 300 1267 sonante
318 1213 434 1266 mixtum
448 1212 526 1268 tibiis
544 1228 653 1266 carmen
671 1211 746 1279 lyrae
917 1222 932 1264 t

216 1288 277 1341 Hac
296 1288 417 1355 Dorium,
435 1288 488 1341 illis
503 1287 668 1341 barbaruml

180 1362 222 1417 Ut
240 1380 335 1431 nuper,
355 1368 432 1417 aetus
454 1380 516 1417 cum
534 1364 607 1417 freto
625 1360 781 1430 Neptunius

215 1438 280 1491 Dux
297 1439 370 1506 fugit
389 1439 458 1492 ustis
476 1438 599 1505 naribus,

180 1513 304 1568 Minatus
323 1514 394 1568 Urbi
412 1515 506 1581 vincla,
526 1530 596 1582 qnae
615 1514 771 1567 detraxerat

216 1590 307 1645 Servis
326 1590 428 1644 amicus
446 1590 567 1658 perfidis.
910 1600 932 1639 10

181 1662 441 1733 Romanus-eheu,
461 1665 565 1733 posteri
583 1663 752 1732 negabitis-

215 1741 408 1810 llmanoipatns
427 1742 545 1795 feminae

181 1815 250 1871 Fert
269 1818 369 1870 vallum
389 1821 419 1870 et
438 1834 515 1870 arma
533 1815 611 1869 miles
632 1819 662 1870 et
683 1811 849 1883 spadonibus

217 1892 325 1947 Servire
344 1893 450 1960 rugosis
470 1896 570 1961 potest,

181 1967 314 2038 Interque
336 1968 412 2036 signa
431 1973 512 2035 turpe
532 1966 660 2022 militaria
910 1977 931 2017 ιε

216 2043 262 2097 Sol
280 2043 397 2111 adspicit
417 2044 568 2112 conopium.

181 2118 223 2173 At
240 2118 294 2171 hnc
313 2119 461 2172 frementes
479 2121 622 2172 verterimt
640 2117 683 2172 bis
704 2116 778 2170 mille
799 2129 884 2183 equos

216 2193 294 2261 Galli,
314 2198 441 2247 canentes
462 2195 613 2262 Gaesarem,

182 2267 386 2339 llostiliumqne
404 2270 513 2323 navium
532 2274 615 2338 portu
633 2269 721 2323 latent

217 2344 326 2413 Puppes
346 2345 532 2399 sinistrorsum
552 2346 629 2399 citae.
907 2355 930 2394 ao

181 2418 214 2472 Io
235 2420 388 2489 Triumphe,
407 2425 439 2475 tu
458 2422 572 2475 moraris
590 2436 688 2474 aureos

216 2496 318 2550 Currus
339 2501 369 2551 et
388 2498 504 2551 intactas
525 2497 626 2551 bovest

182 2570 215 2624 Io
234 2571 388 2641 'l'riumphe‚
408 2590 459 2627 nec
477 2565 645 2641 ‚Iugurthino
663 2588 757 2642 parem

215 2647 292 2701 Bello
311 2649 458 2717 reportasti
479 2649 584 2717 ducem,

181 2722 279 2791 Neque
301 2724 468 2793 Africanum,
489 2725 533 2777 cui
552 2741 634 2791 snper
653 2724 851 2795 Karthaginem
906 2744 930 2783 ss

215 2798 312 2853 Virtus
331 2801 483 2867 sepulcrum
503 2800 647 2875 condidit!

180 2872 265 2927 'lema
283 2876 406 2944 marique
424 2876 513 2930 victus
533 2876 619 2928 hostis
637 2876 736 2943 punico

215 2948 344 3018 Lugubre
366 2952 480 3004 mutavit
500 2967 601 3017 sagum.

182 3024 241 3079 Aut
259 3026 305 3078 ille
325 3030 434 3078 centum
455 3026 573 3078 nobilem
593 3024 703 3076 Cretam
721 3024 836 3077 urbibus

215 3099 311 3153 Ventis
328 3102 417 3154 iturus
435 3116 489 3151 non
506 3099 570 3163 suis,
904 3113 927 3151 so
