2025 3409
80 49 127 99 llo
354 49 509 99 HORATII
527 52 548 99 F
551 52 654 100 LAC

79 127 147 182 Pcct
147 127 237 190 inibns
254 128 354 196 patulis
367 128 459 217 jactat
475 147 506 184 se
523 130 603 185 molle
622 132 778 185 Tarentum,

77 203 136 257 Nec
154 194 206 255 sibi
224 220 368 257 coenarum
386 205 475 274 quiris
492 209 598 259 temere
615 206 732 274 adroget
748 210 846 273 artem,
913 224 942 263 aa
1011 176 1012 261 l

78 276 105 331 N
106 296 141 332 on
157 279 234 347 prius
251 284 348 333 exacta
364 282 443 334 tenui
462 281 569 336 ratione
590 298 724 351 saporum.
1011 276 1012 293 ³

78 353 104 407 N
106 371 137 409 cc
154 354 221 408 satis
239 358 283 409 cst
299 372 363 409 cara
379 358 467 425 pisces
484 360 611 411 avertere
629 374 723 411 mensa

78 430 208 499 ignarum
225 431 324 499 quibus
341 437 385 486 est
397 432 446 500 jus
462 434 554 501 aptius
572 436 602 487 et
620 432 719 502 quibus
737 432 806 489 assis

78 506 235 575 Languidus
253 507 422 561 incubitum
435 507 496 577 jam
514 526 544 563 se
562 510 674 562 conviva
691 514 812 577 reponet
1011 562 1012 579 ἶ

77 580 183 636 Umber
199 587 228 636 ot
245 582 328 651 iligna
345 585 465 637 nutritus
482 584 582 651 glande
599 584 732 639 rotundas
911 600 939 639 so
1011 614 1012 653 3

77 658 180 713 Currat
197 676 264 727 aper
281 659 371 712 lances
390 676 499 713 carnem
517 660 629 713 vitantis
646 661 776 724 inertem;

77 734 149 788 Nam
168 735 290 787 Laurens
307 736 395 788 malus
413 740 463 804 est,
481 736 551 788 ulvis
569 739 599 789 et
616 736 748 789 arundine
766 735 884 805 pinguis.

77 809 166 864 Vinea
183 810 321 863 submittit
338 828 450 879 capreas
467 828 522 865 non
541 828 650 880 semper
667 812 769 867 edules

78 886 222 940 Fecundac
240 886 339 954 leporis
357 888 464 955 sapiens
481 888 633 942 sectabitur
650 906 746 942 armos.

78 962 201 1016 Piscibus
217 966 301 1030 atquo
319 962 414 1017 avibus
432 980 502 1032 quae
520 967 618 1017 natura
636 967 665 1019 et
682 965 753 1018 foret
771 968 846 1018 actas
908 980 935 1019 ss
1011 958 1012 987 ³

77 1039 152 1092 Ante
169 1056 260 1092 meum
277 1038 345 1091 nulli
362 1039 454 1107 patuit
471 1040 596 1108 quaesita
613 1041 741 1109 palatum.
1011 1044 1012 1061 l

76 1114 146 1168 Sunt
163 1130 277 1183 quorum
295 1114 434 1182 ingenium
452 1132 522 1169 nova
539 1119 647 1170 tantum
665 1117 784 1170 crustula
802 1116 913 1185 promit.

76 1190 256 1259 Nequaquam
274 1190 340 1243 satis
358 1190 387 1244 in
405 1208 436 1245 rc
453 1207 509 1244 una
526 1208 685 1246 consumere
704 1210 803 1260 curam,

76 1266 116 1320 Ut
133 1267 155 1320 si
173 1267 235 1335 quis
252 1266 338 1319 solum
356 1266 407 1320 hoo
424 1268 496 1320 mala
513 1284 548 1321 no
567 1268 622 1322 sint
640 1269 702 1322 rina
719 1268 832 1336 laboret,

77 1341 156 1405 Quali
173 1342 320 1411 perfundat
337 1341 426 1411 pisces
444 1360 556 1397 securus
573 1343 651 1399 olivo.
903 1360 932 1399 ao

75 1418 192 1471 Massica
210 1418 233 1470 si
251 1418 324 1470 caelo
342 1435 477 1487 suppones
494 1419 557 1471 rina
575 1436 672 1473 screno

76 1493 218 1546 Nocturna
235 1494 259 1545 si
276 1492 344 1561 quid
361 1495 444 1547 crassi
462 1498 505 1548 est
523 1494 683 1548 tenuabitur
700 1512 773 1563 aura,

76 1569 113 1622 Et
130 1568 245 1622 decedet
262 1569 330 1622 odor
346 1570 436 1623 nervis
454 1569 593 1635 inimicus;
611 1574 642 1625 at
659 1570 705 1623 illa

77 1645 222 1711 Integrum
239 1644 360 1712 perdunt
377 1644 433 1697 lino
450 1645 548 1699 vitiata
565 1662 698 1713 saporem.
1011 1702 1012 1705 ,

77 1721 239 1773 Surrentina
255 1720 330 1772 vafer
349 1720 396 1788 qui
413 1720 511 1775 miscet
527 1722 603 1775 faece
623 1722 739 1776 Falerna
904 1736 930 1777 ss

77 1796 150 1849 Vina
166 1796 318 1849 columbino
336 1796 431 1848 limum
448 1796 519 1850 bene
537 1796 641 1865 colligit
659 1814 716 1865 ovo,
1011 1802 1012 1817 ¹

78 1872 217 1936 Quatenus
234 1872 289 1924 ima
306 1872 377 1939 petit
394 1872 505 1924 volvens
523 1872 611 1925 aliena
628 1873 745 1943 vitellus.

77 1948 166 2001 'l'ostis
183 1951 348 2000 marcentem
367 1948 472 2015 squillis
490 1948 625 2001 recreabis
644 1953 672 2002 ct
691 1950 760 2003 Afra

79 2024 206 2077 Potorem
224 2023 347 2087 cochlea;
363 2040 426 2075 nam
444 2024 549 2077 lactuca
566 2025 673 2078 innatat
691 2026 747 2079 acri
864 2087 872 2099 ἱ

78 2100 145 2153 Post
161 2100 254 2151 vinnm
272 2099 426 2163 stomacho;
441 2116 527 2167 perna
545 2100 630 2167 magis
648 2116 679 2153 ac
697 2102 784 2169 nieme
802 2100 874 2154 hillis
905 2117 931 2155 oo
1011 2096 1012 2109 ³

78 2174 199 2242 Flagitat
215 2174 359 2226 immorans
376 2174 466 2240 refici3
484 2174 550 2243 quin
568 2176 659 2228 omnia
676 2176 754 2229 malit

79 2252 261 2319 Quaecunque
277 2250 425 2303 immundis
442 2251 551 2303 fervent
568 2250 650 2304 allata
667 2252 782 2320 popinis.

78 2327 129 2381 Est
146 2343 245 2394 operae
262 2326 384 2394 pretium
401 2326 516 2394 duplicis
534 2344 696 2395 pernoscere
709 2327 782 2395 juris
1011 2378 1012 2383 ,

78 2402 219 2457 Naturam.
256 2402 376 2470 Simplex
395 2418 410 2455 e
428 2403 500 2455 dulci
519 2407 626 2457 constat
643 2403 719 2469 olivo,

78 2479 158 2544 Quod
175 2478 270 2547 pingui
287 2478 401 2531 miscere
419 2494 495 2531 moro
513 2471 655 2547 mistaque
673 2479 790 2547 decebit,
903 2511 929 2549 ς,
949 2537 951 2543 ,
1011 2534 1012 2563 ¹

77 2555 105 2609 N
106 2572 141 2608 on
158 2554 211 2607 alia
228 2570 310 2621 qnam
328 2570 382 2621 qua
400 2554 531 2621 Byzantia
547 2556 640 2622 putuit
658 2572 727 2608 orca.
945 2560 949 2572 '

79 2631 140 2684 Hoc
156 2630 204 2682 ubi
222 2629 362 2682 confusum
381 2631 461 2682 sectis
478 2630 611 2683 inferbuit
629 2629 722 2683 herbis

78 2706 244 2774 Corycioque
262 2720 340 2757 croco
358 2721 481 2773 sparsum
499 2706 585 2773 stetit,
603 2706 714 2774 insuper
733 2706 819 2759 addes

78 2782 176 2835 Pressa
194 2780 366 2834 Venafranae
384 2781 458 2848 quod
476 2780 559 2834 bacca
576 2782 682 2835 remisit
700 2782 794 2836 olivae.
1011 2848 1012 2851 Ἴ

78 2855 185 2908 Picenis
202 2855 304 2907 cedunt
321 2856 409 2921 pomis
428 2855 553 2908 Tiburtia
570 2873 664 2922 succo;
908 2874 935 2916 ra
1011 2866 1012 2931 q

78 2929 104 2981 N
106 2946 149 2983 am
166 2928 236 2980 facie
254 2932 401 2994 praestant.
437 2928 579 2982 Venucula
596 2932 724 2986 convenit
742 2933 818 2999 ollis;

79 3002 193 3054 Rectius
213 3000 348 3052 Albanam
365 3002 440 3053 firmo
458 3003 600 3057 duraveris
617 3022 705 3061 uvam.

79 3076 160 3128 Hanc
177 3089 228 3140 ego
246 3088 307 3126 cum
325 3074 409 3138 malis,
425 3091 476 3142 ego
494 3077 598 3131 faecem
616 3082 721 3149 primus
738 3085 768 3138 ct
785 3083 864 3154 allec,
