2025 3409
98 69 127 115 ta

375 66 531 116 HORATII
549 66 678 117 FLAOCI

207 151 309 204 Hastae
326 153 356 201 et
373 147 469 200 calami
488 147 591 216 spicula
609 147 700 201 Onosit

206 223 315 277 Vitabis
333 222 535 291 strepitumque
554 225 584 276 et
601 223 719 277 celerem
736 223 813 292 sequi

94 352 96 356 ,
207 300 340 368 Ajacem3
357 301 449 351 tamen
468 298 523 352 heu
541 308 618 352 serus
635 298 776 352 adulteros

240 374 338 429 Orines
354 374 467 441 pulvere
485 374 604 428 collines.

207 450 269 504 Nou
288 449 453 503 Laertiaden
471 449 587 503 exitium
604 454 669 504 tuae

206 525 298 592 Genti,
316 541 369 578 non
387 524 495 593 Pylium
513 524 632 578 Nestora
648 528 780 593 respicis?

206 602 315 669 Urgent
331 600 463 669 impavidi
480 603 510 654 te
528 600 690 654 Salaminius

241 677 345 731 Teucer
362 679 392 729 et
409 674 556 730 Sthenelus
574 676 663 730 sciens

208 751 326 819 Pugnae,
345 752 402 805 sive
420 767 488 820 opus
505 754 549 805 est
565 752 724 820 imperitare
742 755 819 821 equis

207 826 231 880 N
237 844 270 880 on
288 826 382 893 auriga
398 826 492 894 piger;
511 826 654 880 Merionen
673 844 781 896 quoque

192 950 193 957 ,
208 902 318 957 Nosces.
354 902 424 955 Ecce
441 901 510 955 furit
526 906 556 956 te
573 902 696 970 reperire
714 908 793 956 atrox

242 978 362 1048 Tydides
379 977 475 1031 melior
492 982 579 1047 patre,

165 1079 168 1084 ·
209 1054 296 1119 Quem
313 1057 346 1108 tu
364 1070 459 1108 cervus
477 1054 519 1107 uti
536 1054 613 1108 vallis
630 1054 658 1107 in
676 1054 763 1109 altera

208 1130 306 1183 Visum
324 1133 403 1198 parte
420 1128 515 1197 lupum
532 1129 663 1197 graminis
680 1130 820 1184 immemor

172 1237 176 1245 ·
208 1206 322 1261 Sublimi
339 1206 428 1274 fugies
445 1206 535 1259 mollis
552 1206 683 1273 anhelitu,

217 1337 219 1340 ,
243 1283 305 1336 Non
323 1284 374 1336 hoc
391 1282 528 1351 pollicitus
545 1286 617 1336 tuae.

209 1358 345 1413 Iracmrda
362 1358 435 1412 diem
452 1358 575 1425 proferet
594 1358 646 1411 Ilio

208 1433 398 1502 Matronisque
418 1433 555 1501 Phrygum
573 1434 666 1487 classis
685 1433 821 1500 Achillen

209 1510 276 1565 Post
293 1516 383 1565 certas
400 1510 503 1563 hiemes
521 1513 585 1564 uret
603 1511 741 1565 Achaicus

244 1587 321 1655 Ignis
341 1585 437 1640 Iliacas
456 1585 557 1639 domos.

494 1724 572 1779 XVI.

210 1807 233 1861 Ο
252 1824 350 1860 aaran
367 1806 479 1876 pulchra
497 1807 553 1861 filia
570 1807 713 1876 pulchrior,

210 1882 297 1947 Quem
315 1882 465 1937 criminosis
482 1900 590 1953 cunque
607 1884 681 1937 voles
698 1883 811 1939 modum

246 1960 333 2013 Pones
350 1960 457 2025 iambis,
476 1960 533 2014 sive
551 1959 660 2013 flamma

278 2036 341 2089 Sive
358 2038 425 2089 mari
443 2034 513 2088 libet
532 2034 678 2089 Hadriano.

209 2111 235 2163 N
238 2127 272 2163 on
290 2110 470 2178 Dindymene,
488 2126 543 2163 non
561 2110 650 2177 adytis
668 2114 758 2179 quatit

210 2186 331 2240 Mentem
350 2185 524 2239 sacerdotum
542 2185 629 2239 incola
648 2186 769 2255 Pythius,

243 2262 267 2314 N
271 2278 304 2314 on
323 2261 406 2314 Liber
423 2278 518 2330 aeque,
535 2278 590 2314 non
607 2267 687 2316 acuta

278 2337 322 2391 Sic
339 2338 480 2405 geminant
498 2337 666 2406 Corybantes
683 2354 748 2391 aera

209 2412 311 2466 Tristes
328 2416 360 2466 ut
377 2412 441 2479 irae,
460 2429 528 2482 quas
546 2430 635 2483 neque
654 2414 769 2467 Noricus

207 2488 341 2543 Deterret
358 2489 430 2543 ensis
447 2506 498 2543 nec
515 2506 591 2543 mare
608 2490 768 2558 naufragum

244 2564 300 2619 Noc
318 2581 414 2618 saevus
431 2565 503 2633 ignis
520 2582 571 2620 nec
588 2567 732 2620 tremendo

276 2640 406 2709 luppiter
422 2640 481 2709 ipse
499 2658 583 2695 ruens
599 2642 726 2696 tumultu.

208 2715 308 2771 Fertur
326 2717 512 2785 Prometheus,
530 2718 633 2772 addere
650 2716 764 2787 principi

207 2791 285 2845 Limc
302 2797 410 2847 coactus
427 2794 587 2862 particulam
604 2794 726 2864 undique

242 2867 395 2935 Desectam,
413 2872 442 2923 et
458 2870 545 2923 insani
562 2870 647 2923 lconis

276 2943 341 2996 Vim
358 2946 496 2999 stomacho
513 2946 671 3017 apposuisse
687 2950 780 3003 nostro

208 3018 271 3071 Irae
288 3019 425 3086 Thyesten
442 3022 527 3075 exitio
544 3022 621 3089 gravi

208 3094 343 3161 Stravere,
362 3097 392 3148 et
409 3094 472 3150 altis
489 3095 603 3151 urbibus
619 3096 733 3153 ultimae
