2025 3409
96 69 127 115 86

343 58 497 109 oARMaN
515 62 711 113 SECULARE.

267 146 355 201 Roma
372 148 395 201 si
412 151 533 201 vestrum
551 153 594 204 est
612 167 688 219 opus,
707 150 833 219 Iliaeque

266 222 359 277 Littus
377 220 523 277 Etruscum
540 228 656 278 tenuere
673 232 788 293 turmae,

266 298 352 353 iussa
368 315 432 366 pars
448 302 557 354 mutare
576 300 663 354 hares
680 305 711 355 et
726 300 824 354 urbem

301 374 409 442 Sospite
427 390 516 442 cursu,
947 396 973 436 ss

268 449 319 503 Oui
336 464 387 517 per
404 449 547 503 ardentem
564 451 623 505 sine
640 450 738 505 fraude
756 450 873 520 'frojam

268 525 366 579 Castus
384 526 495 579 Aeneas
513 527 619 593 patriae
636 530 775 594 superstes

173 624 176 633 ·
267 598 397 653 Liberum
414 600 530 655 munivit
546 601 609 669 iter,
627 602 742 655 daturus

303 674 386 727 Plura
402 674 521 731 relictis:

267 748 312 817 Di,
327 749 426 817 probos
443 767 533 805 mores
550 752 632 807 docili
645 752 784 822 juventae,
942 772 970 813 sa

268 824 312 891 Di,
331 827 465 880 senectuti
483 827 606 896 placidae
624 830 753 897 quietem,

222 924 223 929 ¹
268 900 401 955 Romulae
418 904 493 970 genti
511 904 578 959 date
594 920 708 974 remque
725 904 894 974 prolemque

303 977 341 1031 Et
358 977 441 1031 decus
459 982 555 1034 omne!

269 1051 399 1122 Quaeque
416 1070 464 1107 vos
480 1054 568 1108 bobus
585 1058 731 1108 veneratam
747 1053 816 1107 albis

269 1128 365 1181 Clarus
383 1128 521 1182 Anchisae
539 1130 711 1198 Venerisque
728 1130 846 1197 sanguis,
938 1150 968 1187 ω

270 1204 411 1271 Impetret‚
430 1203 549 1257 bellante
565 1206 648 1272 prior,
662 1204 803 1272 jacentem

303 1278 385 1331 Lenis
401 1279 430 1330 in
447 1278 570 1333 hostem!

268 1352 333 1405 Jam
350 1352 419 1405 mari
436 1356 566 1421 terraque
583 1370 680 1407 manus
696 1357 825 1421 potentes

269 1427 367 1481 Medus
386 1428 561 1497 Albanasque
578 1430 659 1483 timet
676 1446 792 1497 secures,

268 1502 334 1557 Jem
351 1502 466 1571 Scythae
482 1520 612 1572 responsa
627 1509 727 1574 petunt
745 1504 854 1575 superbi

303 1577 405 1644 Nuper,
424 1583 455 1633 ct
472 1580 545 1633 Indi.

268 1652 333 1706 lam
351 1653 433 1707 Fides
450 1657 478 1708 et
498 1654 556 1707 Pax
573 1658 603 1709 et
621 1656 716 1709 Honos
734 1655 885 1723 Pudorque

270 1728 380 1782 Priscus
396 1733 425 1783 et
442 1730 567 1797 neglecta
583 1730 674 1784 redire
692 1730 789 1783 Virtus

270 1804 372 1871 Audet,
390 1809 558 1873 apparetque
574 1804 656 1860 beata
673 1805 753 1874 pleno

304 1878 387 1947 Copia
404 1896 495 1935 cornu.
935 1898 964 1938 ω

270 1956 368 2021 Augur
385 1959 415 2009 et
430 1955 554 2023 fulgente
571 1956 686 2010 decorus
703 1972 768 2010 areu

271 2029 397 2082 Phoebus
414 2035 596 2100 acceptusque
613 2048 710 2085 novem
729 2030 862 2098 (lanienis,

271 2104 323 2169 Qui
340 2104 452 2159 salutari
469 2106 543 2160 levat
559 2109 620 2160 arte
637 2106 723 2159 fessos

305 2180 431 2247 Corporis
445 2184 532 2247 artus,

243 2280 246 2287 =
272 2255 300 2308 si
319 2254 455 2309 Palatinas
472 2256 550 2310 videt
566 2271 669 2323 aequus
686 2259 764 2311 arces
931 2273 963 2314 es

271 2331 395 2399 Reinque
413 2331 563 2386 Romanam
582 2331 754 2401 Latiumque,
772 2332 838 2386 felix

271 2406 398 2461 Alterum
409 2406 443 2459 ¹in
460 2407 577 2461 lustrum
594 2407 745 2477 meliusque
763 2424 873 2477 seraper

305 2482 438 2550 Prorogat
454 2498 559 2535 acuam.

271 2556 400 2627 Quaeque
418 2558 586 2611 Aventinum
602 2560 681 2612 tenet
699 2557 896 2627 Algidumque,

270 2634 431 2697 Quindecim
448 2632 538 2686 Diana
554 2648 649 2701 preces
666 2634 786 2687 virorum
927 2649 961 2693 ro

270 2710 356 2763 Curet
373 2712 402 2763 et
418 2708 488 2762 votis
505 2725 654 2777 puerorum
670 2710 771 2763 amicas

305 2784 433 2851 Applicat
450 2799 537 2837 aures.

270 2857 346 2909 Haec
363 2857 382 2908 J
384 2873 460 2909 ovem
479 2858 581 2912 sentire
598 2858 718 2927 deosque
735 2862 849 2913 cunctos

270 2932 351 2997 Spem
369 2930 466 2982 bouem
484 2935 641 3000 certamque
659 2933 769 2986 domum
786 2935 909 3005 reporto,

270 3002 374 3057 Doctus
391 3009 421 3056 ct
439 3004 542 3058 Phoebi
560 3006 658 3059 chorus
674 3013 705 3061 et
722 3008 827 3063 Dianae
927 3042 956 3079 75

306 3077 404 3130 Dicere
421 3078 524 3134 laudes.
