2025 3409
403 70 557 121 HORA'l'II
575 74 705 124 runccl

499 218 606 275 XXVI.

263 298 333 353 Vm
349 298 447 366 puellis
464 316 553 369 nuper
570 300 684 356 idoneus

264 374 302 427 Ilt
319 371 432 429 militavi
449 392 503 429 non
521 375 581 429 sine
598 377 702 445 gloria3

297 448 324 501 N
326 466 378 502 unc
395 466 471 503 arma
488 449 704 520 defunctumque
720 450 793 506 bello

318 524 466 578 ‘Barbiton
483 524 528 578 hic
544 526 637 594 paries
653 527 776 594 habebit,

263 597 384 652 Laevum
402 601 523 654 marinae
541 601 589 670 qui
606 601 724 655 Veneris
740 603 814 657 latus
953 614 965 657 s
993 665 994 668 Ἰ

264 673 399 730 Custodit.
436 675 490 729 Hic
506 676 551 730 hie
568 676 662 745 ponite
679 677 770 731 lucida
993 671 994 684 ¹

298 749 412 803 Funalia
430 754 458 805 et
475 755 567 805 vectes
583 756 613 807 st
629 769 709 807 arcus

332 824 471 894 Oppositis
487 827 592 880 foribus
608 828 734 882 minaces

264 899 288 953 Ο
307 917 379 969 quae
396 902 505 955 beatam
524 902 588 956 dira
605 906 685 957 tenes
703 904 824 971 Cyprum
840 905 872 957 et
993 957 994 968 2

263 975 405 1044 Memphin
423 981 560 1051 carentem
578 978 702 1033 Sithonia
718 979 788 1047 nive,
946 992 964 1030 ro
993 985 994 1032 l

297 1050 409 1120 Regina,
427 1053 536 1106 sublimi
554 1054 660 1121 flagello
993 1043 994 1078 ¹

331 1128 423 1196 'lange
441 1130 544 1183 Oblcin
562 1130 647 1184 semel
663 1133 846 1198 arrogantem

483 1234 608 1319 xxvii.

262 1342 361 1399 Imuos
377 1360 475 1412 parrae
492 1346 641 1400 recinentis
658 1359 747 1401 omen¹

261 1419 351 1474 Ducat
368 1424 397 1474 et
414 1437 565 1490 praegnans
582 1423 656 1476 canis
674 1428 723 1477 aut
739 1422 776 1477 ab
792 1440 860 1493 agro

262 1494 339 1549 Ravu
356 1495 502 1550 decurrens
520 1497 584 1565 lupa
601 1497 742 1552 Lanuvino

295 1571 416 1640 Fetaque
434 1574 537 1641 vulpes.
993 1609 994 1616 κ

260 1644 381 1715 Rumpat
398 1650 427 1701 et
444 1664 556 1715 serpens
573 1650 628 1703 iter
644 1649 801 1704 institutum
950 1662 962 1703 t

260 1722 289 1775 Si
306 1739 357 1791 per
373 1723 512 1792 obliquum
530 1725 625 1778 similis
643 1726 762 1792 sagittae

259 1797 369 1851 Terruit
386 1815 513 1853 mannos:
532 1817 582 1868 ego
598 1801 642 1855 cui
659 1801 763 1855 timebo

293 1874 426 1927 Providus
442 1891 553 1943 auspex,

258 1951 416 2018 Antequam
433 1953 539 2005 stantes
556 1954 664 2019 repetat
680 1952 797 2020 paludes

258 2025 392 2079 Imbrium
410 2025 502 2079 divina
519 2027 577 2080 avis
593 2028 791 2095 imminentunn
941 2040 960 2081 lo

257 2099 384 2153 Oscinem
401 2117 511 2154 sermm
528 2118 609 2169 prece
625 2102 762 2157 suscitabo

292 2176 361 2229 Solis
378 2176 413 2230 ab
431 2181 500 2230 ortu.

256 2250 299 2304 Sis
316 2251 380 2306 licet
396 2252 463 2305 felix
480 2252 635 2322 ubicunque
651 2254 745 2322 mavis,

256 2326 294 2381 Et
311 2343 415 2381 memor
431 2329 526 2395 nostri,
545 2329 667 2397 Galatea,
685 2331 767 2399 vivas,

256 2402 348 2471 'leque
366 2420 416 2457 nec
434 2403 527 2457 laevus
544 2408 621 2459 vetet
638 2405 679 2459 ire
695 2406 772 2474 picus
941 2415 960 2458 ιε

282 2478 307 2531 N
311 2496 342 2532 ec
358 2496 427 2547 vaga
444 2480 545 2533 cornix.
993 2479 994 2518 ἓ

255 2553 311 2608 Sed
328 2555 405 2608 vides
422 2558 524 2623 quanto
541 2555 664 2624 trepidet
680 2556 799 2612 tumultu

256 2631 361 2685 Pronus
379 2630 470 2685 Orion.
506 2630 564 2699 Ego
582 2631 651 2701 quid
668 2632 705 2686 sit
721 2637 783 2686 ater

255 2706 378 2761 Hadriae
397 2707 459 2761 nori
478 2706 554 2760 sinus
572 2712 602 2761 et
619 2708 687 2777 quid
704 2709 783 2762 albus
993 2767 994 2770 Ἴ

289 2784 386 2837 Peccet
405 2783 498 2851 Iapyx.
937 2797 958 2839 fl

257 2858 386 2911 Hostium
403 2874 502 2910 uxores
520 2858 652 2927 puerique
669 2875 763 2912 caecos

255 2931 381 2985 Sentiant
399 2934 488 2983 motus
506 2933 620 2985 orientis
638 2935 735 2986 Austri
753 2937 783 2988 ct

254 3004 392 3069 Aequoris
409 3003 480 3069 nigri
497 3004 637 3060 fremitum
654 3012 684 3062 et
701 3013 851 3067 trementes

289 3077 412 3131 Verbere
430 3078 510 3145 ripas.
