2025 3409
349 25 606 76 EPISTOLARUM
623 28 645 76 1.
665 30 687 76 5.
889 25 935 73 166

76 104 154 169 Quid
172 107 271 159 voveat
288 104 362 159 dulci
378 106 515 161 nutricula
531 107 621 175 majus
639 108 757 175 alumne,

77 182 133 247 Qui
152 198 251 251 sapere
268 184 298 236 et
314 182 367 235 fari
384 182 472 251 possit
489 200 560 252 quae
578 183 686 248 sentiat,
705 186 734 237 et
751 181 795 237 cui

78 260 186 328 Gratia,
203 260 283 327 fama,
302 258 431 312 valetudo
448 260 589 327 contingat
606 258 722 327 abunde,
911 272 935 313 ιο

5 323 11 352 ⁷
77 337 117 391 Et
135 336 257 391 mundus
273 337 361 391 victus
378 353 433 389 nen
451 335 595 389 deficiente
612 335 756 389 crumenat

79 414 163 467 Inter
179 429 256 482 spem
273 428 429 480 curamque,
445 410 559 465 timores
576 412 651 465 inter
666 414 696 464 et
712 411 775 477 iras,

79 488 199 543 Omnem
217 488 300 543 crede
317 487 392 541 diem
409 486 461 540 tibi
479 486 611 541 diluxisse
629 502 799 554 supremum:

79 565 170 619 Grata
188 564 362 633 superveniet
380 579 451 631 quae
467 578 524 616 non
542 562 697 631 sperabitur
714 561 788 614 hora

78 640 129 693 Me
146 640 279 708 pinguem
296 643 326 694 et
343 639 461 692 nitidum
478 638 550 692 bene
568 641 663 692 curata
679 640 742 691 cute
759 636 829 691 vises
913 650 936 691 rc

78 714 153 769 (lum
171 714 264 768 ridere
281 714 356 769 voles
373 714 485 783 Epicuri
501 713 538 768 de
555 729 639 782 grege
656 712 786 783 porcum.''

79 938 114 991 Sr
130 940 212 1007 potes
231 936 373 994 Archiacis
390 853 519 991 convivaV
519 894 679 991 recumbere
695 936 774 990 lectis

5 1053 9 1071 .
79 1013 108 1066 N
109 1029 142 1066 ec
159 1012 268 1066 modica
285 1028 401 1066 coenare
418 1013 500 1066 times
517 1011 576 1065 olus
594 1027 673 1065 omne
690 1012 799 1081 patella,

5 1103 9 1142 :
80 1088 218 1157 Supremo
235 1092 266 1141 te
284 1088 341 1141 sole
359 1088 441 1156 domi,
459 1088 604 1156 Torquate,
621 1087 743 1141 manebo.

82 1165 157 1218 Vina
174 1164 254 1217 bibes
270 1164 371 1218 iterum
390 1163 479 1217 'lauro
497 1163 596 1217 diffusa
612 1164 747 1232 palustres

81 1242 164 1295 Inter
181 1240 337 1293 Minturnas
355 1240 603 1307 Sinuessanumque
622 1238 773 1293 Petrinum.
920 1253 934 1293 s

81 1317 113 1371 Si
130 1316 230 1370 melius
247 1316 315 1383 quid
331 1314 418 1370 habes
435 1331 542 1369 arcesse
559 1314 603 1367 vel
620 1314 764 1382 imperium
780 1314 829 1367 ier.

81 1390 255 1445 Jamdudum
273 1391 399 1460 splendet
415 1391 492 1445 focus
510 1394 539 1445 et
557 1389 609 1443 tibi
626 1389 729 1443 munda
746 1390 874 1458 supellex.

4 1479 7 1484 ’
81 1464 168 1521 Mitte
185 1467 259 1521 leves
276 1483 340 1536 spes
357 1469 386 1521 et
404 1466 553 1520 certamina
570 1464 726 1519 divitiorum

82 1543 122 1595 Et
138 1542 245 1596 Moschi
262 1559 384 1597 musam:
402 1559 462 1597 eras
478 1545 544 1596 nato
562 1542 677 1596 Caesare
693 1540 780 1597 festus

82 1618 141 1672 Dat
158 1618 265 1672 veniam
283 1629 461 1687 somnumque
480 1618 555 1684 dies;
571 1618 682 1687 impune
700 1618 795 1673 licebit
874 1646 876 1649 ·
913 1633 935 1673 ro

83 1693 228 1748 Aestivam
247 1711 371 1749 sermone
388 1694 505 1763 benigne
523 1693 636 1748 tendere
654 1697 768 1749 noctem.

83 1769 144 1833 Quo
161 1768 230 1822 mihi
247 1769 383 1823 fortunam
401 1771 424 1824 si
441 1787 496 1824 non
513 1770 671 1823 conceditur
685 1770 746 1823 uti?

82 1844 187 1898 Parcus
204 1844 240 1898 ob
258 1844 367 1899 heredis
384 1863 477 1900 curam
494 1846 661 1913 nimiumque
679 1860 789 1899 severus

82 1920 199 1975 Assidet
215 1919 324 1975 insano:
341 1925 437 1990 potare
455 1925 484 1976 et
501 1938 630 1990 spargere
647 1920 728 1974 flores

3 2013 7 2021 ¹
83 1996 224 2065 Incipiam,
240 1997 384 2065 patiarque
401 1996 444 2050 vel
461 1996 627 2051 inconsultus
644 1996 746 2051 haberi.
880 2018 882 2022 ·
914 2003 938 2045 rs

83 2072 158 2138 Quid
175 2089 229 2126 non
248 2072 366 2127 ebrietas
383 2072 529 2141 designati
565 2072 669 2141 Operta
684 2070 811 2141 recludit,

83 2148 152 2217 Spes
165 2147 249 2217 jubet
266 2165 327 2203 esse
343 2152 425 2215 ratas
442 2149 479 2202 ad
495 2148 598 2218 proelia
615 2147 705 2203 trudit
721 2148 851 2215 inertem;

83 2223 213 2279 Sollicitis
230 2224 327 2278 animis
344 2241 413 2278 onus
430 2224 534 2291 eximit,
552 2224 669 2278 addocet
685 2228 766 2279 artes.

5 2331 7 2341 ι
84 2300 208 2353 Secundi
226 2300 323 2355 mliees
340 2316 421 2369 quem
439 2316 494 2353 non
512 2301 602 2354 fecere
620 2300 765 2354 disertuml

84 2376 234 2430 Contracta
251 2393 333 2445 quem
349 2392 404 2430 non
421 2376 450 2430 in
466 2378 629 2445 paupertate
646 2375 783 2431 solutum'l
911 2392 935 2433 rc

84 2452 162 2506 Haec
179 2468 231 2520 ego
248 2468 395 2521 procmare
412 2455 443 2507 et
459 2452 575 2506 idoneus
592 2452 710 2520 imperor
727 2455 756 2505 et
773 2468 826 2507 non

2 2565 8 2592 ,
78 2529 200 2602 ‘Invitus
217 2544 253 2582 ne
270 2532 352 2597 turpe
368 2528 445 2594 toral,
461 2544 497 2582 ne
516 2526 626 2581 sordida
643 2543 742 2597 mappa

3 2809 9 2844 l

84 2604 220 2672 corruget
237 2620 324 2672 nares,
342 2620 377 2657 ne
394 2621 449 2657 non
466 2606 496 2658 et
513 2603 657 2658 cantharus
675 2608 704 2657 et
720 2602 784 2657 lanx

85 2680 223 2734 Ostendat
240 2680 292 2734 tibi
309 2683 346 2748 te,
365 2697 400 2734 ne
417 2680 488 2733 fides
503 2680 577 2734 inter
593 2678 693 2733 amicos

86 2756 129 2811 Sit
146 2755 193 2824 qui
211 2754 286 2809 dicta
304 2756 375 2809 foras
392 2755 523 2823 eliminet,
540 2757 573 2809 ut
590 2758 667 2809 cetat
683 2770 733 2823 par
909 2769 934 2813 ιδ

86 2832 278 2900 iungaturque
294 2832 362 2901 pari.
396 2832 511 2886 Butram
528 2830 580 2885 tibi
598 2830 807 2900 Septiciumque,

87 2908 124 2961 lit
139 2906 192 2962 nisi
209 2924 293 2961 coena
309 2908 383 2977 prior
399 2907 543 2976 potiorque
560 2906 651 2976 puella
669 2906 798 2961 Sabinum

86 2982 207 3054 Detinet,
224 2983 465 3048 assumam310cus
482 2986 526 3036 est
542 2986 572 3037 et
588 2980 712 3052 plmibus
729 2983 847 3039 umbris:

87 3057 143 3113 Sed
158 3057 239 3113 nimis
256 3061 317 3113 crta
333 3062 462 3128 premunt
478 3057 567 3111 olidae
584 3057 703 3111 convivia
720 3062 824 3126 caprae.
