2025 3409
100 36 147 87 144
372 37 528 86 HORATII
544 36 675 87 FLACCI

100 117 195 171 Lentis
212 134 291 171 mane
309 134 393 173 senex
410 116 536 171 manibus
552 110 681 172 currebat
698 122 735 187 et,
753 118 898 175 ‘Unum-

98 193 172 255 Quid
183 196 241 245 tam
253 210 381 260 magnum
389 195 406 248 t’
418 193 662 259 addens-‘uuum
675 210 719 248 me
735 194 839 263 surpite
854 195 954 266 morti,

99 265 149 320 nis
167 268 268 321 etenim
285 267 364 323 facile
382 270 446 322 cstt'
464 268 574 333 embat;
594 285 676 321 sanus
693 269 818 338 utrisque

99 342 222 396 Auribus
239 350 323 414 atque
340 345 438 408 eculis;
455 349 584 410 mentem,
600 344 652 398 uisi
670 345 810 412 litigimus,
915 363 955 402 sss

99 417 245 487 Exciperet
258 420 384 473 dominus
396 436 457 473 cum
472 418 611 473 venderet
649 420 709 473 Hoc
726 438 835 489 queque
848 422 955 491 vulgus

99 493 264 564 Chrysippus
281 497 359 564 ponit
376 494 491 550 fecunda
509 496 536 547 in
554 500 638 563 gente
656 496 772 549 Meneni.

100 569 249 638 ‘Juppiter,
267 571 392 638 ingentes
410 572 456 640 qui
475 571 525 624 dan
542 571 694 639 adimisque
712 570 833 639 dolores,’

100 644 191 699 Mater
207 646 248 700 eit
262 646 340 715 pueri
357 662 464 701 meuses
477 647 537 714 jam
556 646 676 715 quinque
693 645 827 716 cubantis,

99 720 225 789 ‘Frigida
241 722 265 775 si
282 738 397 791 puerum
415 726 548 790 quantana
564 721 714 790 reliquerit,
731 721 778 776 illo
914 741 953 780 sse

100 794 182 849 Mane
200 796 245 850 die
262 814 316 866 que
333 801 365 851 tu
383 797 479 851 indicis
493 797 601 865 jejunia
617 795 707 850 nudus

100 870 134 924 In
152 871 243 926 Tiberi
260 873 358 927 stabit!
395 874 480 927 Casus
497 872 653 927 medicusve
671 872 769 927 levarit

100 948 222 1015 Aegrum
240 966 274 1003 ex
292 948 441 1017 praecipiti,
459 952 548 1002 mater
565 948 652 1002 delira
668 948 778 1002 necabit

100 1023 134 1075 In
150 1024 242 1091 gelida
259 1026 343 1077 fixum
360 1025 420 1092 ripa
436 1022 589 1093 febrimque
605 1023 734 1089 reducem

100 1101 194 1161 Quoue
211 1099 281 1153 male
298 1103 417 1152 mentem
434 1101 579 1153 concussat
616 1098 723 1152 Timere
741 1098 900 1153 deorum—
913 1116 951 1157 ms

100 1172 176 1228 Haec
193 1175 260 1229 mihi
278 1174 432 1241 Stertinius,
448 1175 603 1242 sapientum
621 1178 739 1235 octavies,
757 1176 842 1228 amice

101 1251 187 1303 Arma
204 1250 289 1316 dedit,
306 1250 419 1319 posthae
436 1266 470 1302 ne
488 1249 668 1318 compellerer
684 1249 794 1304 inultus.

100 1325 208 1379 Dixerit
224 1326 349 1379 insanum
367 1325 414 1393 qui
431 1341 475 1378 me
492 1325 610 1378 tetidem
627 1324 721 1378 audiet
739 1330 823 1393 atque

100 1399 246 1469 Respicere
262 1401 355 1468 ignote
372 1400 460 1453 discet
476 1400 625 1467 pendentia
642 1398 744 1468 terg0.’'

99 1474 216 1544 “Stoice,
232 1475 441 1546 postdamnum
459 1476 498 1528 sic
515 1474 618 1529 vendas
636 1477 726 1528 emnia
745 1475 839 1544 pluris,
913 1495 950 1534 sm

100 1549 160 1615 Qua
175 1568 220 1605 me
236 1550 361 1618 stultitia,
378 1551 505 1620 queniam
523 1565 576 1603 non
594 1553 637 1605 est
653 1566 739 1618 genus
756 1567 846 1617 urruns,

101 1625 224 1680 Insanire
240 1627 337 1695 putast
373 1625 432 1693 Ego
448 1642 512 1678 nam
529 1625 624 1679 videor
640 1625 707 1677 mihi
724 1627 826 1679 sanus.”

100 1702 200 1769 “Quid,
217 1705 298 1771 caput
316 1700 464 1755 abscissum
481 1700 594 1753 demens
611 1716 673 1753 eum
689 1704 783 1769 portat
802 1704 899 1769 Agave

103 1776 167 1831 Nati
183 1778 304 1844 infelicis,
323 1776 375 1830 sibi
392 1780 452 1830 tum
469 1776 572 1829 furiosa
589 1775 729 1829 videturt’'

100 1854 240 1909 “Stultum
257 1869 302 1907 me
319 1854 413 1919 fatcor,
430 1852 512 1905 liceat
529 1850 678 1904 concedere
696 1851 774 1916 ieris,
910 1869 948 1907 aas

101 1930 195 1997 Atque
211 1928 294 1982 etiam
312 1927 450 1990 insanum3
466 1929 576 1979 tantum
594 1925 644 1977 hee
662 1925 790 1990 edissere,
808 1942 862 1993 quo
879 1943 927 1980 me

100 2008 253 2072 Aegrotare
270 2006 350 2070 putes
367 2002 449 2054 animi
465 2000 564 2055 ritie'i''
601 2000 731 2067 “Accipe:
749 2000 866 2069 primum

101 2081 246 2147 Aedificas,
262 2078 313 2131 hoe
331 2081 381 2142 est,
399 2075 493 2144 longos
509 2075 626 2129 imitaris
644 2074 679 2127 ab
697 2074 753 2127 imo

100 2156 148 2210 Ad
164 2171 298 2209 summum
315 2156 390 2205 tetus
407 2150 510 2203 moduli
527 2150 668 2219 bipedalis,
686 2155 716 2204 et
732 2150 806 2204 idem

100 2232 219 2298 Cerpme
236 2230 365 2296 majorem
382 2226 458 2279 rides
475 2225 610 2278 Turbonis
627 2226 655 2278 iu
673 2226 757 2279 armis
912 2243 947 2282 sp

100 2307 231 2375 Spiritum
249 2309 278 2357 et
295 2304 439 2356 incessum:
458 2301 506 2369 qui
523 2300 653 2354 ridiculus
670 2302 760 2353 nrinus
777 2300 841 2355 illei

101 2384 146 2435 An
164 2380 343 2450 quodeunque
359 2377 425 2431 facit
442 2377 587 2429 Maecenas
604 2381 634 2429 te
652 2392 759 2444 quoque
776 2392 872 2429 verum
890 2381 936 2430 est

100 2457 217 2510 Tantum
234 2453 393 2508 ‹bssimilem
411 2455 441 2506 et
457 2454 536 2504 tanto
553 2454 660 2505 certare
677 2451 838 2505 minorent

101 2532 234 2585 Absentis
250 2545 333 2582 ranae
349 2527 431 2596 pullis
447 2526 526 2579 rituli
543 2526 615 2594 pede
632 2525 741 2594 pressis,

100 2606 179 2660 Unus
196 2605 245 2658 ubi
261 2603 363 2671 effugit,
380 2601 461 2654 matri
479 2601 615 2665 denarrat,
632 2605 664 2653 ut
681 2600 778 2668 ingens
911 2616 947 2657 sis

100 2681 197 2735 Bellua
213 2683 342 2748 agnatos
359 2676 468 2730 eliserit.
504 2675 557 2728 illa
574 2692 683 2743 regare:

102 2757 272 2821 ‘Quantanct
290 2770 355 2807 num
371 2750 494 2817 tantum,'
515 2751 623 2803 sufflans
641 2768 678 2817 se,
697 2751 807 2818 ‘magna
823 2750 946 2806 fuisset?

100 2833 202 2898 ‘Major
219 2827 352 2882 dimidio.'·
382 2826 468 2878 ‘Num
485 2826 588 2880 tautot'
623 2826 693 2879 Cum
710 2826 796 2893 magis
813 2831 899 2894 atque

101 2906 136 2956 Se
153 2903 239 2967 magis
255 2900 370 2963 inflaret,
389 2900 424 2950 ‘N
427 2916 461 2951 en
481 2900 504 2950 si
522 2903 552 2951 te
568 2901 690 2967 ruperis,’
708 2901 806 2969 inquit,

100 2976 168 3026 ‘Par
184 2973 252 3025 eris’
289 2972 366 3023 Hace
382 2987 400 3021 a
416 2977 445 3023 te
462 2988 516 3023 aen
535 2972 650 3025 multum
668 2974 774 3027 abludit
791 2975 891 3041 imago.
910 2991 946 3031 ese

101 3046 184 3099 Adde
201 3049 326 3113 poemate
342 3059 422 3107 nune,
440 3044 490 3097 hoc
508 3050 558 3113 est,
576 3046 664 3099 eleum
681 3048 755 3103 adde
772 3050 895 3117 cantium
