2025 3409
88 87 134 139 168
359 86 514 139 HORATII
531 89 661 140 FLAOOI

85 168 296 237 Designatorem
313 166 425 223 decorat
441 168 583 223 lictoribus
600 170 676 237 atris,

85 243 159 297 Dum
176 244 271 314 pueris
286 245 374 298 omnis
391 248 471 313 pater
488 248 518 299 ot
537 238 794 317 matercula'pallet,

85 318 265 388 Officiosaque
283 318 416 374 sedulitas
433 323 463 373 et
481 319 570 388 opella
587 320 701 375 forensis

86 394 210 449 Adducit
226 393 319 449 febres
337 398 367 449 et
383 398 549 450 testamenta
566 396 695 464 resignat.

86 470 190 535 Quodsi
207 469 305 525 bruma
320 471 397 525 nives
415 470 531 524 Albanis
548 470 638 526 illinet
654 472 734 540 agris,
921 493 949 535 ιι

86 545 135 598 Ad
151 561 227 599 mare
245 546 395 600 descendet
411 549 490 600 rates
506 548 572 599 tuus
589 550 620 601 ct
637 546 689 600 sibi
706 550 801 616 parcet

86 620 303 690 contractusque
320 621 409 690 leget;
425 625 462 689 te,
479 620 567 675 dulcia
584 622 678 688 amica,
695 623 798 678 reviset

86 696 156 752 (lum
174 697 312 767 Zephyris,
329 698 353 751 si
370 696 509 762 concedes,
527 700 557 751 ct
574 696 719 753 hirundine
735 699 833 768 prima.

86 772 112 827 N
114 789 148 825 on
167 789 221 841 quo
238 788 314 825 more
331 771 399 842 piris
415 773 489 827 vesci
508 771 625 827 Calaber
633 772 716 842 jubet
733 774 832 844 hospes

86 848 127 902 'lu
143 864 188 903 me
204 848 294 902 fecisti
311 847 481 916 locupletem.
518 846 658 902 “Vescera
676 847 778 904 sodes.¹’
919 868 946 909 rs

86 924 170 979 “Jam
181 924 248 977 satis
260 923 325 977 cst.''
348 924 409 976 “At
420 926 451 977 tu
463 925 596 991 quantum
605 923 647 977 vis
659 924 748 978 tolle.¹’
769 925 946 993 “Benigne.”

85 998 167 1053 “Non
184 998 272 1052 invisa
288 998 361 1052 ieras
378 998 472 1068 pueris
489 998 648 1053 munuscula
664 999 780 1069 parvis''

85 1074 172 1128 “l'am
188 1078 286 1129 teneor
303 1074 383 1143 dono,
400 1090 482 1144 quam
500 1074 524 1127 si
542 1073 668 1128 dimittar
685 1077 821 1131 onustus.”

85 1149 146 1204 “Ut
163 1149 246 1217 libet;
263 1149 331 1204 haec
348 1150 438 1218 porcis
454 1148 537 1203 hodie
554 1149 724 1205 comedenda
740 1152 903 1223 relinques⁷’

86 1225 222 1294 Prodigus
238 1228 269 1280 et
286 1226 388 1280 stultus
406 1224 491 1278 donat
509 1240 580 1293 quae
598 1226 704 1294 spernit
721 1230 749 1281 et
770 1228 843 1295 odit3
914 1248 944 1287 so

85 1301 164 1355 Haec
180 1317 259 1369 seges
275 1301 398 1370 ingratos
413 1300 479 1355 tulit
497 1304 527 1354 et
543 1300 615 1355 feret
632 1301 758 1355 omnibus
775 1305 860 1360 annia

85 1376 137 1430 Vir
153 1375 241 1430 bonus
259 1380 290 1431 ct
307 1375 417 1446 sapiens
434 1375 524 1444 dignis
542 1376 582 1430 ait
600 1392 660 1430 esse
676 1382 796 1447 paratus,

84 1452 145 1505 Nec
161 1455 254 1506 tamen
272 1452 382 1519 ignorat
398 1451 466 1522 quid
484 1451 588 1505 distent
606 1468 671 1505 aera
687 1451 799 1522 lupinis:
843 1482 847 1493 ·

85 1527 205 1595 Dignum
222 1526 369 1596 praestabo
386 1543 431 1581 me
448 1527 533 1581 etism
550 1543 600 1596 pro
619 1526 700 1581 laude
717 1531 854 1585 merentis

85 1601 189 1667 Quodsi
206 1618 252 1656 me
268 1601 345 1656 noles
362 1618 477 1672 usquam
496 1601 646 1671 discedere,
664 1604 766 1659 reddes
913 1622 944 1663 25

85 1678 169 1733 Forte
185 1679 265 1746 latus,
282 1678 376 1746 nigros
393 1681 509 1746 angusta
526 1678 617 1733 fronte
633 1678 751 1748 capillos,
831 1692 836 1701 '

85 1753 197 1809 Reddea
215 1754 296 1808 dulce
313 1753 396 1823 loqui,
414 1753 516 1808 reddes
533 1754 625 1809 ridere
642 1754 777 1823 decorum,
795 1760 825 1811 ot

86 1831 165 1885 Inter
181 1830 245 1884 rina
261 1830 355 1898 fugam
374 1829 491 1884 Cinarae
509 1845 632 1883 maerere
648 1834 802 1898 protervae.

85 1906 169 1961 Forte
185 1923 236 1975 per
254 1908 397 1974 angustam
415 1904 505 1959 tennis
523 1904 664 1975 vulpecula
681 1906 779 1961 rimam

85 1982 222 2051 Repscrat
238 1981 267 2035 in
284 1997 421 2035 cumeram
438 1980 575 2048 frumenti,
594 1984 727 2051 pastaque
747 1998 843 2037 rursus
914 2002 942 2041 so

85 2057 132 2111 Ire
149 2057 222 2112 ioras
238 2056 319 2125 pleno
335 2055 469 2111 tendebat
486 2072 599 2125 corpore
616 2056 734 2123 frustm

85 2132 136 2187 (lui
154 2132 272 2186 mustela
288 2131 389 2200 procul,
408 2130 461 2185 “Si
478 2130 543 2198 vis,’'
562 2130 608 2198 ait,
628 2132 771 2201 “effugere
786 2132 875 2201 istinc,

84 2207 178 2262 Macra
195 2223 291 2262 cauum
308 2210 418 2275 repetes
435 2209 527 2259 artum
545 2222 626 2274 quern
643 2223 735 2261 macra
752 2208 872 2263 subisti.”

85 2283 146 2338 Hac
163 2299 214 2352 ego
232 2282 256 2336 si
272 2281 419 2352 compellor
435 2281 553 2349 imagine
571 2286 669 2336 cuncta
685 2283 807 2351 resign03

84 2359 110 2412 N
112 2375 144 2413 ec
160 2354 284 2413 ιοιιιιιιιιιι1
300 2357 389 2426 plebis
406 2357 487 2411 laudo
505 2360 582 2411 satur
599 2358 723 2427 altilium,
741 2374 792 2414 nea
914 2378 942 2419 as

85 2434 149 2489 Otia
166 2433 269 2488 divitiis
287 2433 411 2488 Arabum
428 2432 569 2486 liberrima
586 2436 669 2487 muto.
889 2432 897 2447 '

85 2509 171 2579 Saepe
187 2508 371 2564 verecundum
388 2508 514 2575 laudasti,
532 2524 637 2577 rexque
654 2511 789 2578 paterque

85 2585 198 2639 Audisti
216 2601 313 2651 coram,
332 2600 382 2638 nec
399 2583 482 2637 verbo
500 2583 608 2652 parcius
625 2582 738 2639 absens:
778 2588 780 2601 '

85 2660 194 2729 Inspice
210 2661 233 2714 si
250 2676 361 2729 possum
378 2659 482 2713 donata
498 2674 633 2727 reponere
649 2658 745 2715 laetus.

84 2735 170 2790 Haud
186 2736 257 2790 male
275 2735 457 2799 Telemachus,
474 2733 564 2803 proles
581 2734 712 2803 patientis
729 2734 836 2790 Ulixei:
913 2753 939 2793 sc

85 2811 170 2863 “Non
188 2815 231 2866 est
248 2814 329 2878 aptus
347 2811 425 2877 equis
443 2810 540 2863 Ithace
557 2809 639 2877 locus,
658 2813 690 2864 ut
706 2826 796 2879 neque
813 2810 903 2880 planis

84 2884 230 2936 Por-rectus
247 2883 342 2950 spatiis
359 2899 409 2936 nec
426 2882 528 2936 multae
545 2883 677 2951 prodigus
695 2884 811 2953 herbaa;

85 2957 193 3022 Atride,
210 2956 298 3023 magis
314 2960 379 3022 apta
396 2957 448 3009 tibi
465 2960 515 3009 tua
532 2956 604 3011 dona
621 2959 796 3028 ιιιίἰιιιιιιιιιι.υ

85 2996 203 3081 Parvum
220 3044 306 3095 parva
323 3030 436 3093 decent;
453 3029 547 3081 mihi
534 3046 594 3096 Janr
612 3049 667 3086 non
685 3035 762 3101 regia
781 3035 875 3107 Roma

84 3093 140 3153 ¹Sed
156 3114 271 3154 vacuum
288 3101 373 3154 'libur
388 3102 478 3169 placet
495 3108 545 3157 aut
561 3104 673 3161 imbelle
691 3108 848 3170 Tarentum
912 3134 939 3175 a
