2025 3409
114 46 147 93 56
369 50 523 103 HORATII
540 54 671 106 Facem

232 131 319 187 Unico
336 132 458 201 gaudens
475 135 573 188 mulier
590 134 689 189 marito

232 205 352 263 Prodeat
364 208 449 277 justis
466 215 577 277 operata
594 210 684 273 sacris,

233 282 271 336 Et
289 300 364 337 soror
381 283 446 337 clari
465 283 542 337 ducis
559 287 589 337 et
607 284 722 338 decorae

268 358 394 427 Supplioe
411 360 480 413 vitta
757 359 761 366 '

234 432 378 501 Virginum
396 438 497 487 matres
511 433 698 503 juvenumque
714 450 804 502 nuper

234 508 378 577 Sospitam.
414 510 478 575 Vos,
497 526 514 562 o
531 510 610 579 pueri
628 513 658 564 et
674 510 780 579 puellae
818 582 822 586 ¹
913 522 931 562 ιο

233 583 297 639 Jam
315 585 403 638 virum
420 590 557 653 expertae,
574 585 645 639 male
661 585 787 639 eminetis

178 696 180 703 -
269 660 376 714 Parcite
393 660 491 714 verbis.

234 734 289 789 Hic
306 735 365 789 dies
382 753 446 790 vere
462 736 529 790 mihi
546 737 634 791 festus
650 740 725 792 atras

234 810 344 865 Eximat
360 828 452 878 cruas3
469 828 521 879 ego
538 828 588 865 nec
605 812 753 869 tumultum

233 885 260 940 N
262 903 293 941 ec
310 886 379 940 mori
396 903 445 955 per
462 887 518 940 vim
534 891 655 941 metuam
672 890 785 940 tenente
915 898 933 938 u

269 961 384 1016 Caesare
401 966 495 1016 terras.
573 1012 576 1018 ,
991 969 992 1046 l

235 1037 249 1091 1
267 1042 331 1106 pete
348 1045 524 1105 unguentum,
542 1053 617 1105 puer,
636 1040 665 1091 et
682 1052 793 1090 coronas
991 1051 992 1056 ¹

234 1112 271 1166 Et
287 1113 384 1166 cadum
403 1113 488 1165 Marsi
506 1129 654 1166 memorem
672 1111 763 1179 duelli,

233 1187 391 1255 Spartacum
409 1188 432 1241 si
450 1205 504 1257 qua
520 1188 611 1257 potuit
627 1192 771 1255 amantem
991 1219 992 1222 =

268 1262 375 1316 Fallere
392 1267 471 1318 testa
916 1274 936 1315 a

233 1334 286 1390 Dic
303 1341 332 1391 et
348 1342 462 1405 argutae
479 1342 608 1407 properet
625 1338 750 1392 Neaerae

233 1411 394 1466 Murrheum
411 1414 483 1466 nodo
501 1414 628 1467 cohibere
646 1413 748 1467 crinem
753 1432 762 1481 3

234 1486 263 1540 Si
280 1504 330 1554 per
346 1487 462 1541 invisum
480 1506 556 1542 mura
568 1489 716 1557 janitorem

268 1561 339 1629 Fiet,
356 1562 438 1618 abito.

233 1636 314 1691 Lenit
331 1636 469 1693 albescens
486 1640 590 1693 anhnos
607 1640 719 1709 capillus
916 1650 937 1691 a

234 1710 336 1765 Litium
354 1716 382 1767 et
399 1714 475 1767 rixae
492 1715 605 1785 cupidos
622 1719 781 1782 proterva03

182 1822 185 1827 -
233 1786 295 1839 Non
314 1803 363 1855 ego
381 1788 432 1841 hoe
448 1789 548 1844 ferrem
566 1790 671 1844 calidus
684 1789 801 1858 juventa
860 1857 864 1861 Α

269 1862 384 1916 Consule
404 1863 510 1919 Planco.

240 2088 320 2143 Uxon
332 2088 459 2157 pauperis
477 2089 560 2158 Ibyci,

268 2162 387 2217 Tandem
405 2165 544 2232 nequitiae
561 2164 616 2234 fige
632 2165 744 2221 modum
760 2170 827 2223 tuae

234 2236 409 2306 Famosisque
427 2238 577 2293 laboribus:

268 2312 377 2366 Maturo
394 2315 504 2382 propior
522 2314 617 2369 desine
634 2316 724 2369 funeri

234 2384 312 2440 Inter
328 2386 424 2442 ludere
441 2390 559 2457 virgines
925 2400 937 2443 l

269 2462 304 2515 llt
322 2463 408 2516 stellis
425 2465 552 2518 nebulam
570 2482 698 2535 spargere
716 2466 847 2521 candidis

233 2535 296 2589 lion
314 2537 336 2589 si
354 2538 421 2607 quid
439 2538 559 2593 Pholoen
578 2542 644 2595 satis

268 2612 304 2664 lit
320 2616 357 2680 te,
377 2613 475 2683 Chlori,
494 2614 587 2669 decet:
605 2617 661 2671 filia
678 2618 780 2672 rectius

233 2684 378 2754 Expugnat
391 2688 524 2755 juvenum
542 2689 643 2756 domos,

268 2761 349 2815 Pulso
367 2762 464 2831 Thyias
481 2764 524 2817 uti
542 2765 647 2819 concita
663 2769 798 2835 tympana
919 2776 938 2817 ¹⁰

233 2834 312 2888 Illam
330 2838 496 2904 cogitamur
514 2838 601 2892 Nothi

267 2910 394 2964 Lascivae
412 2913 528 2966 similem
546 2914 642 2969 ludere
660 2933 787 2985 capreae:

232 2980 271 3036 'l'c
288 2984 365 3037 lanae
382 3001 465 3053 prope
483 2987 601 3040 nobilem

267 3056 370 3110 'fonsae
389 3059 539 3128 Luceriam,
558 3078 609 3115 non
628 3064 748 3119 citharae
766 3067 874 3135 decent,
