2025 3409
233 6 237 11 ’
340 20 637 69 sannuncurt.
867 21 912 69 ios

57 92 136 153 ,Sese
150 96 231 165 ferre,
250 113 330 153 senes
346 98 425 154 utin
442 102 498 155 otis
514 106 576 155 tuta
593 100 731 168 recedant,

29 200 36 214 ι
76 171 162 238 Aiunt,
180 190 266 243 quum
284 172 336 228 sibi
354 175 411 228 sint
428 182 557 243 congesta
574 175 687 231 cibaris:
706 176 778 229 sicum

77 243 190 315 Parvula,
208 266 273 302 nam
291 250 415 317 exemplo
432 254 482 317 est,
500 251 592 319 magni
610 251 722 305 formica
738 250 839 304 lahorls

77 320 126 375 Ore
141 324 227 378 trahit
245 324 427 394 quodcunque
443 330 535 393 potest
552 330 636 394 atque
655 326 733 379 addit
751 341 853 391 acervo,

78 398 156 460 Quem
172 400 255 453 struit
272 398 346 452 haud
363 400 459 467 ignara
474 418 506 454 ae
524 417 577 453 non
594 402 702 454 incauta
718 401 810 455 futuri.
890 412 913 455 tt

79 473 152 542 Quae,
169 475 250 528 simul
267 475 404 528 inversum
421 476 564 529 contristat
583 476 720 544 Aquarius
737 491 845 542 aunum,

76 547 132 602 h'on
148 566 263 618 usquam
281 549 405 619 prorepit
422 554 451 603 et
467 549 522 603 illis
538 551 627 604 utitur
644 554 708 604 aute

80 622 205 686 Quaesitis
222 625 345 693 sapiens;
362 641 446 693 quum
463 630 493 679 te
510 642 600 694 neque
616 625 737 680 fervidus
754 630 845 679 aestus

80 696 218 753 hemoveat
235 700 317 766 lucro,
335 716 424 767 neque
441 700 535 767 hiems,
553 701 631 768 ignis,
648 716 730 766 mare,
748 700 857 763 serriuu,

80 772 119 825 llil
134 774 225 829 obstet
241 775 293 828 tibi
311 776 377 827 dum
394 792 430 829 nc
448 776 485 830 sit
501 780 531 829 te
549 775 632 829 ditior
649 775 726 828 alter.
890 789 913 827 so

80 847 144 923 Quid
155 850 237 917 jurat
253 851 414 903 immensum
432 853 461 904 te
478 852 586 918 argenti
603 850 711 919 pondus
729 855 758 905 et
775 850 834 903 auri

82 922 176 977 Furtim
194 926 301 979 defossa
317 926 444 979 timidum
463 926 601 995 deponere
618 926 709 979 tenni

81 998 213 1061 “Quodsi
231 1000 395 1053 comminuas
414 1001 495 1054 vilem
514 1000 656 1067 redigatur
672 1001 708 1053 ad
725 1001 834 1053 essem.'’

82 1074 116 1125 At
129 1075 156 1127 ni
173 1075 202 1128 id
220 1075 253 1128 fit
269 1076 337 1144 quid
354 1076 438 1129 habet
454 1076 561 1145 pulchri
579 1080 750 1129 constructus
768 1076 897 1129 acervus?

16 1207 17 1210 ,
82 1146 158 1202 Millia
173 1150 303 1205 frumenti
320 1154 369 1203 tua
386 1150 495 1203 triverit
513 1167 576 1203 area
594 1155 709 1216 centum,
892 1164 915 1205 st

82 1222 135 1277 Non
150 1230 214 1279 tuus
231 1225 282 1278 hoc
299 1226 389 1293 capiet
407 1229 503 1278 venter
520 1225 582 1293 plus
599 1241 631 1278 ac
648 1241 737 1278 meus:
754 1228 787 1279 ιιι
803 1224 827 1277 si

16 1357 17 1360 ,
82 1297 226 1353 Reticulum
242 1301 320 1369 panis
338 1301 445 1353 vendes
464 1302 538 1355 inter
555 1304 653 1354 onusto

16 1374 17 1406 l
81 1372 155 1429 Forte
171 1376 255 1429 vehas
272 1376 393 1442 humero,
411 1376 495 1427 nihilo
513 1375 574 1443 plus
592 1374 706 1443 accipias
724 1390 807 1442 quam

16 1479 17 1518 ι
81 1448 127 1511 Qui
141 1450 179 1503 nil
196 1451 321 1519 portarit.
356 1450 410 1503 Vel
428 1451 473 1504 die
490 1450 557 1519 quid
575 1450 677 1504 referat
693 1449 767 1503 intra

80 1523 192 1579 Naturae
210 1526 277 1579 fines
294 1526 404 1592 viventi,
418 1525 517 1593 jugera
534 1530 643 1579 centum
661 1542 696 1579 an
892 1539 917 1581 to

80 1598 149 1653 liille
165 1602 242 1655 arcti
277 1603 341 1655 “At
358 1618 441 1654 snare
458 1605 502 1655 est
520 1618 554 1655 ex
572 1618 669 1667 magno
687 1600 783 1654 tollere
801 1602 917 1655 acervo?

80 1673 145 1729 Dum
161 1692 196 1730 ex
213 1692 296 1744 parvo
313 1676 392 1729 nohis
410 1677 572 1730 tantundem
590 1676 699 1729 haurire
717 1676 861 1744 relinquas,

80 1749 129 1803 Cur
144 1755 193 1806 tua
209 1751 270 1819 plus
287 1751 383 1805 laudes
400 1752 517 1805 cumeris
533 1752 659 1820 granaria
675 1752 792 1805 nostrisl

82 1825 115 1877 Ut
129 1825 180 1879 tibi
198 1827 222 1879 si
239 1826 276 1880 sit
294 1844 362 1896 opus
379 1827 476 1896 liquidi
493 1844 548 1881 non
565 1828 681 1895 amplius
698 1843 773 1893 urna,

81 1899 127 1954 Vel
144 1902 249 1970 cyatho,
266 1905 295 1955 et
313 1903 395 1971 dicas,
414 1902 537 1970 “Magno
556 1903 591 1956 de
608 1902 718 1955 flumine
736 1902 828 1955 malim
896 1918 920 1958 tu

81 1974 160 2038 Quam
177 1993 213 2030 ex
228 1976 279 2030 hoe
296 1977 425 2031 fonticulo
443 1978 607 2031 tantundem
625 1978 753 2031 surnere.''
779 1976 819 2030 Eo
838 1977 870 2030 lit

82 2050 182 2105 Plenior
198 2055 232 2105 ut
248 2051 272 2105 si
291 2069 359 2120 quos
376 2052 496 2106 delectet
513 2053 590 2121 copia
603 2053 680 2121 justo

81 2124 143 2180 Cum
159 2128 219 2197 ripa
236 2128 316 2181 simul
334 2128 440 2182 avulsos
456 2130 528 2182 ferat
547 2129 664 2183 Aufidus
682 2144 750 2183 scer.

83 2203 117 2255 ut
132 2203 178 2272 qui
196 2204 295 2257 tantuli
314 2209 377 2271 eget
394 2207 496 2272 quanto
516 2208 558 2258 est
577 2221 644 2273 opus
661 2205 685 2258 is
702 2222 792 2273 noque
811 2204 874 2257 limo

81 2275 614 2348 'lhrbatamhauritequamnoquevitam
622 2280 855 2333 amittitinundis
898 2296 921 2336 tu

83 2352 118 2406 ht
132 2354 204 2408 bona
220 2371 284 2423 pars
301 2354 440 2407 hominum
457 2355 572 2423 decepta
589 2355 716 2423 cupidine
733 2356 808 2424 falso,

82 2426 95 2453 ‘⁴
103 2427 144 2480 Nil
156 2430 222 2483 sutis
233 2429 298 2496 cst,”
308 2430 413 2499 inquit;
425 2430 440 2456 ‘¹
448 2431 512 2498 quia
520 2430 592 2483 tanti
605 2435 736 2499 quantum
748 2431 850 2485 habeas
863 2432 918 2485 sis?

84 2500 150 2565 Quid
166 2506 248 2558 facias
265 2504 322 2559 illil
358 2504 462 2558 Jubcos
480 2505 608 2557 miserum
626 2522 686 2558 osse
703 2505 822 2559 libenter

85 2575 214 2639 Quatenus
231 2580 260 2633 id
277 2579 358 2645 iaeit;
374 2583 407 2634 ut
424 2580 534 2649 qnidam
555 2585 720 2635 memoratur
740 2581 856 2635 Athenis

19 2669 22 2713 ι
85 2650 206 2708 Sordidus
223 2672 255 2708 ac
272 2656 356 2721 divos,
374 2655 465 2724 populi
483 2662 655 2709 contemnere
673 2672 752 2709 voces
898 2674 920 2713 tt

85 2724 123 2780 Sic
139 2730 245 2785 solitus:
263 2730 406 2799 “Populus
423 2747 467 2784 me
486 2730 592 2795 sibilat;
609 2735 639 2785 at
656 2731 722 2783 mihi
740 2732 840 2800 plaudo

86 2800 141 2869 Ipse
157 2806 231 2859 domi
249 2806 328 2859 simul
347 2823 378 2860 ac
395 2823 518 2860 nummos
536 2807 703 2875 contemplor
720 2806 749 2861 in
767 2808 851 2861 arca.'’

84 2875 203 2935 Tantalus
220 2898 238 2935 a
253 2880 337 2935 labris
355 2881 449 2935 sitiens
466 2882 599 2950 fugientia
616 2886 708 2949 captat

85 2949 336 3019 Flumina....Quid
354 2956 444 3011 rides?
462 2960 568 3010 mutato
586 2957 694 3007 nornine
712 2958 747 3009 ‘lo
765 2963 794 3011 to

85 3024 176 3085 Fabula
194 3035 333 3084 narratur:
353 3030 487 3097 congestis
504 3027 624 3095 undique
643 3044 726 3080 succis
897 3046 919 3082 ιι
