<?xml version="1.0" encoding="UTF-8"?>
<!DOCTYPE html PUBLIC "-//W3C//DTD XHTML 1.0 Transitional//EN"
    "http://www.w3.org/TR/xhtml1/DTD/xhtml1-transitional.dtd">
<html xmlns="http://www.w3.org/1999/xhtml" xml:lang="en" lang="en">
 <head>
  <title>
</title>
<meta http-equiv="Content-Type" content="text/html;charset=utf-8" />
  <meta name='ocr-system' content='tesseract 3.04.00' />
  <meta name='ocr-capabilities' content='ocr_page ocr_carea ocr_par ocr_line ocrx_word'/>
</head>
<body>
  <div class='ocr_page' id='page_1' title='image "./quintihoratiifl02maclgoog_0101.png"; bbox 0 0 2025 3409; ppageno 0'>
   <div class='ocr_carea' id='block_1_1' title="bbox 470 812 492 867">
    <p class='ocr_par' dir='ltr' id='par_1_1' title="bbox 470 812 492 867">
     <span class='ocr_line' id='line_1_1' title="bbox 470 812 492 867; baseline 0 0"><span class='ocrx_word' id='word_1_1' title='bbox 470 812 492 867; x_wconf 94' lang='lat' dir='ltr'><strong>l.</strong></span> 
     </span>
    </p>
   </div>
   <div class='ocr_carea' id='block_1_2' title="bbox 185 893 908 2696">
    <p class='ocr_par' dir='ltr' id='par_1_2' title="bbox 185 893 908 2696">
     <span class='ocr_line' id='line_1_2' title="bbox 191 893 698 966; baseline -0.006 -14"><span class='ocrx_word' id='word_1_2' title='bbox 191 894 254 953; x_wconf 80' lang='lat' dir='ltr'><strong>lars</strong></span> <span class='ocrx_word' id='word_1_3' title='bbox 272 893 400 949; x_wconf 81' lang='lat' dir='ltr'><strong>Liburnis</strong></span> <span class='ocrx_word' id='word_1_4' title='bbox 416 895 490 950; x_wconf 88' lang='lat' dir='ltr'><strong>iuter</strong></span> <span class='ocrx_word' id='word_1_5' title='bbox 507 896 564 950; x_wconf 88' lang='lat' dir='ltr'><strong>ulta</strong></span> <span class='ocrx_word' id='word_1_6' title='bbox 580 897 698 966; x_wconf 77' lang='lat' dir='ltr'><strong>uarium,</strong></span> 
     </span>
     <span class='ocr_line' id='line_1_3' title="bbox 229 971 560 1039; baseline 0.003 -16"><span class='ocrx_word' id='word_1_7' title='bbox 229 971 332 1038; x_wconf 80' lang='lat' dir='ltr'><strong>Amice,</strong></span> <span class='ocrx_word' id='word_1_8' title='bbox 350 971 560 1039; x_wconf 80' lang='lat' dir='ltr'><strong>propugnacula,</strong></span> 
     </span>
     <span class='ocr_line' id='line_1_4' title="bbox 192 1045 717 1117; baseline -0.004 -16"><span class='ocrx_word' id='word_1_9' title='bbox 192 1045 309 1101; x_wconf 80' lang='lat' dir='ltr'><strong>Paratus</strong></span> <span class='ocrx_word' id='word_1_10' title='bbox 327 1061 406 1098; x_wconf 88' lang='lat' dir='ltr'><strong>omne</strong></span> <span class='ocrx_word' id='word_1_11' title='bbox 424 1046 549 1100; x_wconf 78' lang='lat' dir='ltr'>Caesaris</span> <span class='ocrx_word' id='word_1_12' title='bbox 567 1046 717 1117; x_wconf 85' lang='lat' dir='ltr'><strong>periculum</strong></span> 
     </span>
     <span class='ocr_line' id='line_1_5' title="bbox 227 1120 581 1189; baseline 0.006 -14"><span class='ocrx_word' id='word_1_13' title='bbox 227 1120 333 1189; x_wconf 81' lang='lat' dir='ltr'><strong>Subire,</strong></span> <span class='ocrx_word' id='word_1_14' title='bbox 351 1120 504 1189; x_wconf 85' lang='lat' dir='ltr'><strong>Maecenas,</strong></span> <span class='ocrx_word' id='word_1_15' title='bbox 523 1126 581 1177; x_wconf 86' lang='lat' dir='ltr'><strong>tuo.</strong></span> 
     </span>
     <span class='ocr_line' id='line_1_6' title="bbox 191 1196 908 1267; baseline 0.006 -18"><span class='ocrx_word' id='word_1_16' title='bbox 191 1196 266 1263; x_wconf 81' lang='lat' dir='ltr'><strong>Quid</strong></span> <span class='ocrx_word' id='word_1_17' title='bbox 283 1212 340 1262; x_wconf 86' lang='lat' dir='ltr'><strong>uos,</strong></span> <span class='ocrx_word' id='word_1_18' title='bbox 357 1196 457 1265; x_wconf 86' lang='lat' dir='ltr'><strong>quibus</strong></span> <span class='ocrx_word' id='word_1_19' title='bbox 474 1200 504 1250; x_wconf 87' lang='lat' dir='ltr'><strong>te</strong></span> <span class='ocrx_word' id='word_1_20' title='bbox 521 1198 579 1252; x_wconf 84' lang='lat' dir='ltr'><strong>vita</strong></span> <span class='ocrx_word' id='word_1_21' title='bbox 595 1198 632 1252; x_wconf 90' lang='lat' dir='ltr'><strong>sit</strong></span> <span class='ocrx_word' id='word_1_22' title='bbox 650 1199 796 1267; x_wconf 78' lang='lat' dir='ltr'><strong>superstite</strong></span> <span class='ocrx_word' id='word_1_23' title='bbox 893 1211 908 1253; x_wconf 80' lang='lat' dir='ltr'><strong>t</strong></span> 
     </span>
     <span class='ocr_line' id='line_1_7' title="bbox 226 1271 644 1341; baseline 0.005 -16"><span class='ocrx_word' id='word_1_24' title='bbox 226 1272 245 1325; x_wconf 85' lang='lat' dir='ltr'><strong>J</strong></span> <span class='ocrx_word' id='word_1_25' title='bbox 247 1272 361 1337; x_wconf 87' lang='lat' dir='ltr'><strong>ucuuda,</strong></span> <span class='ocrx_word' id='word_1_26' title='bbox 380 1271 403 1323; x_wconf 91' lang='lat' dir='ltr'><strong>si</strong></span> <span class='ocrx_word' id='word_1_27' title='bbox 420 1275 517 1326; x_wconf 86' lang='lat' dir='ltr'><strong>contra</strong></span> <span class='ocrx_word' id='word_1_28' title='bbox 532 1273 644 1341; x_wconf 79' lang='lat' dir='ltr'><strong>gravisi</strong></span> 
     </span>
     <span class='ocr_line' id='line_1_8' title="bbox 192 1345 732 1416; baseline 0.002 -14"><span class='ocrx_word' id='word_1_29' title='bbox 192 1345 329 1402; x_wconf 78' lang='lat' dir='ltr'><strong>Utrumne</strong></span> <span class='ocrx_word' id='word_1_30' title='bbox 342 1346 414 1414; x_wconf 88' lang='lat' dir='ltr'><strong>jussi</strong></span> <span class='ocrx_word' id='word_1_31' title='bbox 431 1363 628 1416; x_wconf 78' lang='lat' dir='ltr'><strong>persequemur</strong></span> <span class='ocrx_word' id='word_1_32' title='bbox 644 1349 732 1404; x_wconf 91' lang='lat' dir='ltr'><strong>otium</strong></span> 
     </span>
     <span class='ocr_line' id='line_1_9' title="bbox 226 1421 648 1491; baseline 0 -15"><span class='ocrx_word' id='word_1_33' title='bbox 226 1422 253 1476; x_wconf 88' lang='lat' dir='ltr'>N</span> <span class='ocrx_word' id='word_1_34' title='bbox 254 1438 289 1475; x_wconf 90' lang='lat' dir='ltr'><strong>ou</strong></span> <span class='ocrx_word' id='word_1_35' title='bbox 306 1421 386 1475; x_wconf 89' lang='lat' dir='ltr'><strong>dulce</strong></span> <span class='ocrx_word' id='word_1_36' title='bbox 403 1422 433 1474; x_wconf 91' lang='lat' dir='ltr'><strong>ni</strong></span> <span class='ocrx_word' id='word_1_37' title='bbox 449 1426 541 1476; x_wconf 86' lang='lat' dir='ltr'><strong>tecum</strong></span> <span class='ocrx_word' id='word_1_38' title='bbox 559 1423 648 1491; x_wconf 86' lang='lat' dir='ltr'><strong>simul,</strong></span> 
     </span>
     <span class='ocr_line' id='line_1_10' title="bbox 192 1496 777 1553; baseline 0.002 -1"><span class='ocrx_word' id='word_1_39' title='bbox 192 1499 239 1553; x_wconf 82' lang='lat' dir='ltr'><strong>Aa</strong></span> <span class='ocrx_word' id='word_1_40' title='bbox 256 1497 328 1550; x_wconf 87' lang='lat' dir='ltr'><strong>huuc</strong></span> <span class='ocrx_word' id='word_1_41' title='bbox 344 1496 465 1550; x_wconf 85' lang='lat' dir='ltr'><strong>laborem</strong></span> <span class='ocrx_word' id='word_1_42' title='bbox 483 1500 578 1551; x_wconf 89' lang='lat' dir='ltr'><strong>mente</strong></span> <span class='ocrx_word' id='word_1_43' title='bbox 595 1497 679 1552; x_wconf 86' lang='lat' dir='ltr'><strong>laturi</strong></span> <span class='ocrx_word' id='word_1_44' title='bbox 697 1498 777 1553; x_wconf 80' lang='lat' dir='ltr'><strong>dccet</strong></span> 
     </span>
     <span class='ocr_line' id='line_1_11' title="bbox 226 1572 907 1636; baseline 0.001 -10"><span class='ocrx_word' id='word_1_45' title='bbox 226 1572 287 1636; x_wconf 80' lang='lat' dir='ltr'><strong>Qua</strong></span> <span class='ocrx_word' id='word_1_46' title='bbox 303 1572 376 1626; x_wconf 83' lang='lat' dir='ltr'><strong>ferre</strong></span> <span class='ocrx_word' id='word_1_47' title='bbox 394 1588 448 1625; x_wconf 90' lang='lat' dir='ltr'><strong>nou</strong></span> <span class='ocrx_word' id='word_1_48' title='bbox 465 1573 561 1625; x_wconf 84' lang='lat' dir='ltr'><strong>molles</strong></span> <span class='ocrx_word' id='word_1_49' title='bbox 578 1573 669 1627; x_wconf 70' lang='lat' dir='ltr'><strong>iirosl</strong></span> <span class='ocrx_word' id='word_1_50' title='bbox 884 1588 907 1627; x_wconf 78' lang='lat' dir='ltr'><strong>ta</strong></span> 
     </span>
     <span class='ocr_line' id='line_1_12' title="bbox 191 1646 759 1717; baseline 0 -15"><span class='ocrx_word' id='word_1_51' title='bbox 191 1646 323 1702; x_wconf 77' lang='lat' dir='ltr'><strong>Feremus</strong></span> <span class='ocrx_word' id='word_1_52' title='bbox 341 1651 416 1701; x_wconf 80' lang='lat' dir='ltr'><strong>otte</strong></span> <span class='ocrx_word' id='word_1_53' title='bbox 434 1647 477 1700; x_wconf 82' lang='lat' dir='ltr'><strong>vel</strong></span> <span class='ocrx_word' id='word_1_54' title='bbox 494 1663 547 1716; x_wconf 87' lang='lat' dir='ltr'><strong>per</strong></span> <span class='ocrx_word' id='word_1_55' title='bbox 565 1648 678 1717; x_wconf 85' lang='lat' dir='ltr'><strong>Alpium</strong></span> <span class='ocrx_word' id='word_1_56' title='bbox 690 1648 759 1717; x_wconf 81' lang='lat' dir='ltr'><strong>juga</strong></span> 
     </span>
     <span class='ocr_line' id='line_1_13' title="bbox 227 1722 766 1789; baseline 0.002 -13"><span class='ocrx_word' id='word_1_57' title='bbox 227 1722 424 1789; x_wconf 88' lang='lat' dir='ltr'><strong>Inhospitalem</strong></span> <span class='ocrx_word' id='word_1_58' title='bbox 442 1726 471 1776; x_wconf 86' lang='lat' dir='ltr'><strong>et</strong></span> <span class='ocrx_word' id='word_1_59' title='bbox 489 1724 647 1789; x_wconf 74' lang='lat' dir='ltr'><strong>Caucasum,</strong></span> <span class='ocrx_word' id='word_1_60' title='bbox 761 1770 766 1777; x_wconf 91' lang='lat'><em>.</em></span> 
     </span>
     <span class='ocr_line' id='line_1_14' title="bbox 193 1796 832 1867; baseline 0.005 -16"><span class='ocrx_word' id='word_1_61' title='bbox 193 1798 245 1851; x_wconf 81' lang='lat' dir='ltr'><strong>Vel</strong></span> <span class='ocrx_word' id='word_1_62' title='bbox 264 1796 422 1851; x_wconf 77' lang='lat' dir='ltr'><strong>Occidentis</strong></span> <span class='ocrx_word' id='word_1_63' title='bbox 440 1798 582 1867; x_wconf 86' lang='lat' dir='ltr'><strong>usquead</strong></span> <span class='ocrx_word' id='word_1_64' title='bbox 599 1799 726 1854; x_wconf 87' lang='lat' dir='ltr'><strong>ultimum</strong></span> <span class='ocrx_word' id='word_1_65' title='bbox 744 1799 832 1853; x_wconf 85' lang='lat' dir='ltr'><strong>sinum</strong></span> 
     </span>
     <span class='ocr_line' id='line_1_15' title="bbox 227 1872 606 1942; baseline 0 -15"><span class='ocrx_word' id='word_1_66' title='bbox 227 1872 304 1927; x_wconf 85' lang='lat' dir='ltr'><strong>Forti</strong></span> <span class='ocrx_word' id='word_1_67' title='bbox 322 1888 470 1941; x_wconf 86' lang='lat' dir='ltr'><strong>sequemur</strong></span> <span class='ocrx_word' id='word_1_68' title='bbox 486 1877 606 1942; x_wconf 83' lang='lat' dir='ltr'><strong>pectere.</strong></span> 
     </span>
     <span class='ocr_line' id='line_1_16' title="bbox 192 1946 905 2017; baseline 0.001 -14"><span class='ocrx_word' id='word_1_69' title='bbox 192 1948 284 2015; x_wconf 73' lang='lat' dir='ltr'><strong>[toga</strong></span> <span class='ocrx_word' id='word_1_70' title='bbox 302 1950 380 2001; x_wconf 89' lang='lat' dir='ltr'><strong>tuum</strong></span> <span class='ocrx_word' id='word_1_71' title='bbox 397 1946 491 2001; x_wconf 85' lang='lat' dir='ltr'><strong>labore</strong></span> <span class='ocrx_word' id='word_1_72' title='bbox 509 1948 577 2017; x_wconf 89' lang='lat' dir='ltr'><strong>quid</strong></span> <span class='ocrx_word' id='word_1_73' title='bbox 589 1947 685 2016; x_wconf 86' lang='lat' dir='ltr'><strong>juvem</strong></span> <span class='ocrx_word' id='word_1_74' title='bbox 702 1965 771 2017; x_wconf 86' lang='lat' dir='ltr'><strong>meo,</strong></span> <span class='ocrx_word' id='word_1_75' title='bbox 882 1964 905 2004; x_wconf 72' lang='lat' dir='ltr'><strong>ts</strong></span> 
     </span>
     <span class='ocr_line' id='line_1_17' title="bbox 226 2022 643 2092; baseline 0 -15"><span class='ocrx_word' id='word_1_76' title='bbox 226 2022 350 2078; x_wconf 86' lang='lat' dir='ltr'><strong>Imbellis</strong></span> <span class='ocrx_word' id='word_1_77' title='bbox 366 2039 399 2076; x_wconf 81' lang='lat' dir='ltr'><strong>aa</strong></span> <span class='ocrx_word' id='word_1_78' title='bbox 416 2022 511 2076; x_wconf 85' lang='lat' dir='ltr'><strong>firmus</strong></span> <span class='ocrx_word' id='word_1_79' title='bbox 527 2025 643 2092; x_wconf 84' lang='lat' dir='ltr'><strong>parumi</strong></span> 
     </span>
     <span class='ocr_line' id='line_1_18' title="bbox 191 2098 763 2169; baseline -0.007 -14"><span class='ocrx_word' id='word_1_80' title='bbox 191 2098 291 2155; x_wconf 79' lang='lat' dir='ltr'><strong>Comes</strong></span> <span class='ocrx_word' id='word_1_81' title='bbox 308 2098 412 2152; x_wconf 88' lang='lat' dir='ltr'><strong>minore</strong></span> <span class='ocrx_word' id='word_1_82' title='bbox 430 2116 490 2152; x_wconf 91' lang='lat' dir='ltr'><strong>sum</strong></span> <span class='ocrx_word' id='word_1_83' title='bbox 507 2099 616 2152; x_wconf 85' lang='lat' dir='ltr'><strong>futurus</strong></span> <span class='ocrx_word' id='word_1_84' title='bbox 633 2100 662 2153; x_wconf 91' lang='lat' dir='ltr'><strong>in</strong></span> <span class='ocrx_word' id='word_1_85' title='bbox 679 2102 763 2169; x_wconf 85' lang='lat' dir='ltr'><strong>metu,</strong></span> 
     </span>
     <span class='ocr_line' id='line_1_19' title="bbox 225 2172 650 2241; baseline 0 -14"><span class='ocrx_word' id='word_1_86' title='bbox 225 2173 281 2238; x_wconf 80' lang='lat' dir='ltr'><strong>Qui</strong></span> <span class='ocrx_word' id='word_1_87' title='bbox 298 2172 387 2241; x_wconf 83' lang='lat' dir='ltr'><strong>major</strong></span> <span class='ocrx_word' id='word_1_88' title='bbox 402 2174 532 2227; x_wconf 86' lang='lat' dir='ltr'><strong>absentes</strong></span> <span class='ocrx_word' id='word_1_89' title='bbox 549 2174 650 2239; x_wconf 85' lang='lat' dir='ltr'><strong>habct;</strong></span> 
     </span>
     <span class='ocr_line' id='line_1_20' title="bbox 192 2248 735 2318; baseline -0.002 -14"><span class='ocrx_word' id='word_1_90' title='bbox 192 2248 233 2304; x_wconf 88' lang='lat' dir='ltr'><strong>Ut</strong></span> <span class='ocrx_word' id='word_1_91' title='bbox 250 2248 373 2301; x_wconf 81' lang='lat' dir='ltr'><strong>assidens</strong></span> <span class='ocrx_word' id='word_1_92' title='bbox 390 2249 564 2317; x_wconf 89' lang='lat' dir='ltr'><strong>implumibus</strong></span> <span class='ocrx_word' id='word_1_93' title='bbox 580 2250 662 2318; x_wconf 92' lang='lat' dir='ltr'><strong>pullis</strong></span> <span class='ocrx_word' id='word_1_94' title='bbox 679 2250 735 2303; x_wconf 88' lang='lat' dir='ltr'><strong>avis</strong></span> 
     </span>
     <span class='ocr_line' id='line_1_21' title="bbox 227 2324 905 2393; baseline 0.003 -14"><span class='ocrx_word' id='word_1_95' title='bbox 227 2324 401 2393; x_wconf 70' lang='lat' dir='ltr'><strong>Serpentium</strong></span> <span class='ocrx_word' id='word_1_96' title='bbox 418 2324 537 2393; x_wconf 78' lang='lat' dir='ltr'><strong>allapsus</strong></span> <span class='ocrx_word' id='word_1_97' title='bbox 553 2325 634 2379; x_wconf 91' lang='lat' dir='ltr'><strong>timet</strong></span> <span class='ocrx_word' id='word_1_98' title='bbox 841 2355 843 2359; x_wconf 36' lang='lat' dir='ltr'>v</span> <span class='ocrx_word' id='word_1_99' title='bbox 879 2343 905 2381; x_wconf 77' lang='lat' dir='ltr'><strong>sc</strong></span> 
     </span>
     <span class='ocr_line' id='line_1_22' title="bbox 192 2400 731 2469; baseline -0.004 -12"><span class='ocrx_word' id='word_1_100' title='bbox 192 2400 283 2467; x_wconf 79' lang='lat' dir='ltr'><strong>Magis</strong></span> <span class='ocrx_word' id='word_1_101' title='bbox 298 2400 408 2468; x_wconf 86' lang='lat' dir='ltr'><strong>relictis,</strong></span> <span class='ocrx_word' id='word_1_102' title='bbox 426 2415 488 2469; x_wconf 87' lang='lat' dir='ltr'><strong>nen,</strong></span> <span class='ocrx_word' id='word_1_103' title='bbox 503 2404 536 2454; x_wconf 90' lang='lat' dir='ltr'><strong>ut</strong></span> <span class='ocrx_word' id='word_1_104' title='bbox 553 2400 632 2468; x_wconf 86' lang='lat' dir='ltr'><strong>adsit,</strong></span> <span class='ocrx_word' id='word_1_105' title='bbox 650 2400 731 2455; x_wconf 84' lang='lat' dir='ltr'><strong>auxili</strong></span> 
     </span>
     <span class='ocr_line' id='line_1_23' title="bbox 185 2476 624 2544; baseline 0.005 -15"><span class='ocrx_word' id='word_1_106' title='bbox 185 2488 191 2498; x_wconf 93' lang='grc'>·</span> <span class='ocrx_word' id='word_1_107' title='bbox 228 2476 332 2529; x_wconf 88' lang='lat' dir='ltr'><strong>Latara</strong></span> <span class='ocrx_word' id='word_1_108' title='bbox 347 2476 409 2544; x_wconf 88' lang='lat' dir='ltr'><strong>plus</strong></span> <span class='ocrx_word' id='word_1_109' title='bbox 426 2476 624 2544; x_wconf 85' lang='lat' dir='ltr'><strong>praesentibus.</strong></span> 
     </span>
     <span class='ocr_line' id='line_1_24' title="bbox 192 2550 715 2606; baseline -0.002 -1"><span class='ocrx_word' id='word_1_110' title='bbox 192 2550 326 2605; x_wconf 87' lang='lat' dir='ltr'><strong>Libenter</strong></span> <span class='ocrx_word' id='word_1_111' title='bbox 342 2551 393 2605; x_wconf 91' lang='lat' dir='ltr'><strong>hoe</strong></span> <span class='ocrx_word' id='word_1_112' title='bbox 411 2556 440 2606; x_wconf 87' lang='lat' dir='ltr'><strong>ct</strong></span> <span class='ocrx_word' id='word_1_113' title='bbox 457 2567 536 2605; x_wconf 89' lang='lat' dir='ltr'><strong>omne</strong></span> <span class='ocrx_word' id='word_1_114' title='bbox 553 2552 715 2605; x_wconf 80' lang='lat' dir='ltr'><strong>militabitur</strong></span> 
     </span>
     <span class='ocr_line' id='line_1_25' title="bbox 228 2626 687 2696; baseline -0.007 -15"><span class='ocrx_word' id='word_1_115' title='bbox 228 2626 336 2681; x_wconf 83' lang='lat' dir='ltr'><strong>Bellum</strong></span> <span class='ocrx_word' id='word_1_116' title='bbox 352 2627 382 2679; x_wconf 88' lang='lat' dir='ltr'><strong>iu</strong></span> <span class='ocrx_word' id='word_1_117' title='bbox 399 2630 464 2681; x_wconf 85' lang='lat' dir='ltr'><strong>tuae</strong></span> <span class='ocrx_word' id='word_1_118' title='bbox 481 2642 559 2696; x_wconf 88' lang='lat' dir='ltr'><strong>spem</strong></span> <span class='ocrx_word' id='word_1_119' title='bbox 575 2628 687 2695; x_wconf 74' lang='lat' dir='ltr'><strong>gratiss,</strong></span> 
     </span>
    </p>
   </div>
   <div class='ocr_carea' id='block_1_3' title="bbox 192 2700 903 3071">
    <p class='ocr_par' dir='ltr' id='par_1_3' title="bbox 192 2700 903 2845">
     <span class='ocr_line' id='line_1_26' title="bbox 192 2700 903 2771; baseline 0.003 -14"><span class='ocrx_word' id='word_1_120' title='bbox 192 2700 256 2757; x_wconf 81' lang='lat' dir='ltr'><strong>Non</strong></span> <span class='ocrx_word' id='word_1_121' title='bbox 274 2705 306 2755; x_wconf 94' lang='lat' dir='ltr'><strong>ut</strong></span> <span class='ocrx_word' id='word_1_122' title='bbox 319 2701 444 2770; x_wconf 86' lang='lat' dir='ltr'><strong>juvencis</strong></span> <span class='ocrx_word' id='word_1_123' title='bbox 461 2702 566 2770; x_wconf 80' lang='lat' dir='ltr'><strong>illigata</strong></span> <span class='ocrx_word' id='word_1_124' title='bbox 583 2702 705 2771; x_wconf 90' lang='lat' dir='ltr'><strong>pluribus</strong></span> <span class='ocrx_word' id='word_1_125' title='bbox 878 2718 903 2759; x_wconf 73' lang='lat' dir='ltr'><strong>aa</strong></span> 
     </span>
     <span class='ocr_line' id='line_1_27' title="bbox 228 2777 738 2845; baseline 0 -15"><span class='ocrx_word' id='word_1_126' title='bbox 228 2778 332 2831; x_wconf 83' lang='lat' dir='ltr'><strong>Aratra</strong></span> <span class='ocrx_word' id='word_1_127' title='bbox 348 2778 470 2831; x_wconf 88' lang='lat' dir='ltr'><strong>nitantur</strong></span> <span class='ocrx_word' id='word_1_128' title='bbox 486 2794 555 2845; x_wconf 87' lang='lat' dir='ltr'><strong>mea,</strong></span> <span class='ocrx_word' id='word_1_129' title='bbox 732 2777 738 2788; x_wconf 83' lang='lat'><em>&#39;</em></span> 
     </span>
    </p>

    <p class='ocr_par' dir='ltr' id='par_1_4' title="bbox 195 2851 784 2997">
     <span class='ocr_line' id='line_1_28' title="bbox 195 2851 784 2908; baseline -0.002 0"><span class='ocrx_word' id='word_1_130' title='bbox 195 2851 317 2908; x_wconf 82' lang='lat' dir='ltr'><strong>Pecusve</strong></span> <span class='ocrx_word' id='word_1_131' title='bbox 335 2852 458 2907; x_wconf 77' lang='lat' dir='ltr'><strong>Calabria</strong></span> <span class='ocrx_word' id='word_1_132' title='bbox 475 2858 540 2907; x_wconf 88' lang='lat' dir='ltr'><strong>aute</strong></span> <span class='ocrx_word' id='word_1_133' title='bbox 557 2852 632 2906; x_wconf 89' lang='lat' dir='ltr'><strong>sidus</strong></span> <span class='ocrx_word' id='word_1_134' title='bbox 650 2852 784 2907; x_wconf 81' lang='lat' dir='ltr'><strong>fervidum</strong></span> 
     </span>
     <span class='ocr_line' id='line_1_29' title="bbox 229 2928 574 2997; baseline 0.006 -16"><span class='ocrx_word' id='word_1_135' title='bbox 229 2929 339 2982; x_wconf 86' lang='lat' dir='ltr'><strong>Lucana</strong></span> <span class='ocrx_word' id='word_1_136' title='bbox 356 2931 444 2983; x_wconf 91' lang='lat' dir='ltr'><strong>mutet</strong></span> <span class='ocrx_word' id='word_1_137' title='bbox 461 2928 574 2997; x_wconf 83' lang='lat' dir='ltr'><strong>pascuis,</strong></span> 
     </span>
    </p>

    <p class='ocr_par' dir='ltr' id='par_1_5' title="bbox 193 3000 810 3071">
     <span class='ocr_line' id='line_1_30' title="bbox 193 3000 810 3071; baseline -0.011 -11"><span class='ocrx_word' id='word_1_138' title='bbox 193 3002 293 3071; x_wconf 71' lang='lat' dir='ltr'><strong>Neque</strong></span> <span class='ocrx_word' id='word_1_139' title='bbox 310 3006 343 3057; x_wconf 85' lang='lat' dir='ltr'><strong>ut</strong></span> <span class='ocrx_word' id='word_1_140' title='bbox 360 3004 470 3071; x_wconf 85' lang='lat' dir='ltr'><strong>superni</strong></span> <span class='ocrx_word' id='word_1_141' title='bbox 487 3002 551 3055; x_wconf 85' lang='lat' dir='ltr'><strong>villa</strong></span> <span class='ocrx_word' id='word_1_142' title='bbox 567 3002 686 3056; x_wconf 85' lang='lat' dir='ltr'><strong>caudens</strong></span> <span class='ocrx_word' id='word_1_143' title='bbox 702 3000 810 3055; x_wconf 84' lang='lat' dir='ltr'><strong>Tusculi</strong></span> 
     </span>
    </p>
   </div>
   <div class='ocr_carea' id='block_1_4' title="bbox 228 3076 903 3146">
    <p class='ocr_par' dir='ltr' id='par_1_6' title="bbox 228 3076 903 3146">
     <span class='ocr_line' id='line_1_31' title="bbox 228 3076 903 3146; baseline -0.012 -11"><span class='ocrx_word' id='word_1_144' title='bbox 228 3079 341 3136; x_wconf 81' lang='lat' dir='ltr'><strong>Circaea</strong></span> <span class='ocrx_word' id='word_1_145' title='bbox 358 3081 453 3146; x_wconf 69' lang='lat' dir='ltr'><strong>tangat</strong></span> <span class='ocrx_word' id='word_1_146' title='bbox 470 3076 583 3131; x_wconf 84' lang='lat' dir='ltr'><strong>moenia</strong></span> <span class='ocrx_word' id='word_1_147' title='bbox 878 3086 903 3127; x_wconf 73' lang='lat' dir='ltr'><strong>aa</strong></span> 
     </span>
    </p>
   </div>
   <div class='ocr_carea' id='block_1_5' title="bbox 0 0 1019 3409">
    <p class='ocr_par' dir='ltr' id='par_1_7' title="bbox 0 0 1019 3409">
     <span class='ocr_line' id='line_1_32' title="bbox 0 0 1019 3409; baseline 0 0"><span class='ocrx_word' id='word_1_148' title='bbox 0 0 1019 3409; x_wconf 95' lang='lat' dir='ltr'><strong> </strong></span> 
     </span>
    </p>
   </div>
  </div>
 </body>
</html>
