2025 3409
83 53 128 101 llll
364 51 520 99 HORATII
536 52 665 101 FLACCI

81 130 246 184 Graecorum
263 131 344 197 longe
362 131 552 196 doctissimus3
569 131 635 185 inde
653 132 753 184 Fonun
773 128 854 201 Appi,

82 204 226 258 Diffortnm
244 206 335 258 nautis
352 206 518 274 cauponibus
535 210 619 275 atque
636 207 768 274 malignis.

83 280 142 334 Hoc
159 281 214 335 iter
231 280 322 349 ignavi
340 281 488 346 divisimus,
506 282 588 335 altius
605 298 636 335 ac
652 298 701 335 nos
923 298 936 337 a
1008 322 1010 365 3

82 356 248 410 Praecinctis
264 373 367 422 unum3
384 358 474 410 minus
492 362 535 411 est
551 357 642 425 gravis
661 357 752 426 Appia
769 357 863 411 tardis.

82 430 137 483 llic
154 448 204 499 ego
221 436 335 501 propter
352 449 459 501 aquam,
478 433 553 502 quod
570 437 630 487 erat
648 432 804 501 deterrima,
822 436 915 486 ventri

82 506 178 560 Indico
195 507 304 575 bellum,
323 511 468 561 coenantes
486 509 560 562 haud
578 508 667 561 animo
684 525 771 576 aequo

82 581 251 650 Exspectare
268 584 388 637 comites.
424 584 489 637 Jam
506 601 561 637 nox
579 584 707 638 inducere
725 584 809 637 terris
1009 634 1010 641 ,

82 657 200 711 Umbras
217 663 246 712 et
263 659 338 712 caelo
355 659 511 713 diffundere
529 661 605 727 signa
622 659 753 728 parabat;
913 676 936 713 m

81 733 149 785 'lum
167 734 245 801 pueri
263 735 359 801 nautis,
378 736 470 801 pueris
488 736 608 789 convicia
625 739 724 789 nautae
777 778 781 787 .
803 738 805 743 ’

83 806 218 876 legerere.
255 810 317 863 Huc
335 810 458 878 appelle!
495 810 643 863 Trecentos
661 808 773 863 inseris:
791 808 843 863 ohe

80 883 145 936 Jam
162 885 229 937 satis
247 890 306 939 cst!
343 885 416 937 Dum
434 902 481 939 aes
498 886 625 952 exigitur,
645 885 710 938 dnm
728 884 802 937 mula
819 886 932 955 ligatur,

81 958 149 1012 Tota
166 959 225 1013 abit
241 960 315 1013 hora
350 960 417 1013 Mali
435 961 534 1014 culices
550 977 686 1029 ranaeque
702 961 838 1027 palustres

82 1036 219 1088 Avertunt
237 1052 349 1104 somnos,
367 1031 508 1090 absentem
525 1040 557 1090 ut
574 1040 666 1089 cantat
683 1038 796 1089 amicam
910 1054 934 1094 1⁵

81 1110 169 1164 Multa
186 1111 309 1179 prolutus
326 1128 413 1180 vappa
431 1118 515 1165 nauta
532 1116 615 1181 atque
635 1112 722 1165 viator

80 1187 220 1240 Certatim.
256 1187 376 1241 'landem
393 1188 481 1241 fessus
499 1187 618 1241 dorur're
636 1188 723 1241 viator

82 1262 188 1329 Incipit,
207 1280 237 1315 ac
255 1264 352 1317 missae
369 1268 478 1331 pastum
496 1264 644 1318 retinacula
661 1264 750 1318 mulae

81 1338 236 1392 Nautatr
188 1341 233 1407 pi
219 1357 267 1393 <rer
284 1356 348 1393 saxo
366 1340 465 1407 religat
482 1342 630 1409 stertitque
649 1341 767 1408 supinus.

80 1414 199 1483 Jamque
217 1415 275 1468 dies
292 1416 395 1482 aderat,
414 1416 452 1468 nil
470 1432 531 1469 cum
551 1415 701 1484 procedere
718 1415 829 1471 lintrem
908 1438 933 1475 aa
1009 1452 1010 1509 3

80 1490 225 1558 Septimus,
244 1492 338 1545 donec
339 1456 512 1550 ’θεῖὀὃτοειιε
519 1492 629 1561 prosilit
645 1508 716 1544 unus

80 1567 123 1619 Ac
140 1567 229 1619 mulae
246 1572 400 1635 nautaeque
418 1571 501 1635 caput
519 1566 680 1635 lumbosque
690 1566 801 1653 'saligno

80 1640 165 1695 Fuste
183 1642 274 1696 dolat:
293 1647 390 1711 quarta
406 1643 453 1696 rin
471 1644 582 1695 demum
601 1642 759 1710 exponimur
775 1642 848 1697 hora

80 1717 136 1770 Ora
152 1734 301 1785 manusque
320 1721 368 1771 tua
385 1718 507 1785 lavimus,
527 1717 650 1784 Feronia,
668 1716 784 1785 lympha.
1009 1772 1010 1789 ζ

80 1793 166 1846 Millia
182 1798 242 1847 tum
258 1794 350 1861 pransi
367 1794 422 1847 tria
438 1794 558 1860 repimus
576 1797 658 1861 atque
676 1792 798 1847 subimus
907 1810 933 1851 ss

81 1870 241 1938 Impositum
260 1871 333 1922 saxis
349 1870 406 1923 late
425 1868 605 1923 candentibus
624 1870 728 1921 Anxur.

80 1944 143 1999 Hac
159 1949 290 1999 venturus
307 1949 367 1999 erat
384 1946 529 1998 Maecenas
547 1944 666 2012 optimus
684 1949 767 2013 atque

79 2022 213 2087 Cocceius,
231 2022 305 2074 missi
323 2022 428 2087 magnis
446 2020 582 2073 derebus
599 2024 716 2089 uterque

81 2097 184 2166 Legati,
202 2113 310 2150 aversos
328 2096 400 2150 soliti
418 2112 579 2164 componere
597 2096 704 2149 amicos.

80 2174 133 2227 llic
150 2173 234 2226 oculis
251 2189 303 2240 ego
319 2172 398 2240 nigra
415 2173 484 2225 meis
501 2172 612 2240 collyria
629 2172 719 2239 lippus
902 2184 930 2223 aa

80 2250 197 2302 Illincre.
233 2249 345 2302 Interea
362 2248 506 2301 Maecenas
523 2246 636 2301 advenit
653 2252 736 2315 atque

78 2325 207 2378 Cocceius
225 2323 375 2392 Capitoque
392 2323 472 2376 simul
491 2323 628 2387 Fonteius,
646 2323 682 2376 ad
699 2338 817 2390 unguem

79 2401 178 2453 Factus
195 2400 283 2466 homo,
303 2400 478 2453 Antoninon
496 2402 529 2451 ut
546 2398 634 2465 magis
650 2398 720 2453 alter
737 2399 845 2454 amicas

79 2476 189 2530 Fundos
209 2475 319 2529 Aufidio
338 2476 425 2528 Lusco
441 2479 567 2543 praetore
585 2474 703 2529 libenter

78 2551 244 2621 Linquimus,
263 2552 349 2604 insani
366 2551 488 2604 ridentes
505 2550 626 2619 praemia
643 2550 756 2617 scribae,

78 2628 252 2681 Praetextam
271 2631 300 2680 et
317 2627 402 2680 latum
419 2627 524 2680 clavum
542 2642 700 2695 prunaeque
718 2626 849 2682 batillum.
940 2666 942 2668 .
1009 2650 1010 2657 ¹

77 2703 111 2755 In
129 2702 330 2756 Mamurrarum
346 2702 410 2756 lassi
428 2702 530 2755 deinde
546 2702 615 2756 urbe
632 2718 779 2771 manemus,

77 2778 192 2832 Murena
209 2778 360 2846 praebente
378 2778 495 2845 domum,
514 2776 646 2845 Capitone
664 2778 786 2833 culinam.

77 2854 191 2906 Postera
208 2854 255 2905 lux
272 2853 361 2905 oritur
377 2854 463 2907 multo
480 2854 651 2919 gratissima;
669 2871 787 2923 namquo

78 2927 181 2979 Plotius
199 2930 228 2979 et
245 2926 346 2979 Varius
364 2926 508 2980 Sinuessae
526 2928 712 2997 virgiliusque

76 3002 236 3065 Occurrunt,
254 3002 360 3053 animae
377 3002 471 3069 quales
488 3018 577 3069 neque
595 3005 766 3059 candidiores

76 3074 160 3127 Terra
177 3075 242 3127 tulit
258 3090 348 3141 neque
365 3076 426 3143 quis
443 3092 487 3128 me
506 3077 543 3130 sit
560 3077 711 3133 devinctior
728 3081 806 3135 alter.
