2025 3409
92 73 123 119 62
368 66 524 116 HORATII
542 64 671 114 rnnccl

231 146 291 210 Quo
308 146 379 214 fugit
395 162 488 210 venus,
505 144 567 210 heu,
585 160 674 213 quove
691 143 783 197 colori
802 144 921 204 (locens

198 280 204 285 ,
233 222 293 287 Quo
310 224 420 275 motusl
438 220 505 289 quid
523 220 608 273 babes
624 219 704 287 illius,
720 219 801 288 illius,

266 297 343 361 Quae
362 296 485 365 spirabat
502 310 618 362 amores,

301 372 378 437 Quas
395 389 439 425 me
457 374 604 439 surpuerat
621 369 695 437 mihi,
946 392 974 430 ,a

232 446 310 501 Felix
328 451 390 515 post
408 447 542 512 Cinaram,
560 448 679 513 nataque
696 446 726 498 et
742 445 846 499 artium

232 522 378 577 Gruterum
395 521 498 577 faciest
534 521 591 575 Sed
609 520 723 575 Cinarae
740 519 841 575 breves

268 600 365 652 Annos
382 597 440 651 fata
457 596 602 662 dederunt,

301 673 450 727 Servatum
467 673 516 725 diu
532 688 628 741 parem

233 748 356 804 Cornicis
373 748 481 802 vetulae
498 746 669 815 temporibus
687 746 787 815 Lycen,

233 824 349 881 Possent
366 828 399 878 ut
411 824 530 892 juvenes
547 822 637 876 visere
653 821 754 875 fervidi

267 900 356 954 Multo
373 916 426 952 non
444 899 503 953 sine
520 898 577 951 risu

301 975 440 1044 Dilapsam
458 975 487 1027 in
505 975 610 1027 cineres
627 973 723 1028 facem.

485 1114 565 1170 XIV.

233 1197 315 1263 Quas
332 1214 397 1253 eura
414 1201 525 1266 patrum
543 1213 647 1266 quaere
666 1195 816 1261 Quiritium

233 1274 326 1331 Plenis
344 1275 476 1327 honorum
494 1273 651 1326 muneribus
668 1277 738 1341 tuas,

269 1353 404 1417 Auguste,
422 1348 540 1402 virtutes
557 1348 586 1401 iu
602 1365 699 1402 aarum

304 1426 358 1478 Per
376 1424 472 1478 titulos
489 1440 678 1492 memoresque
695 1424 781 1478 fastos

235 1502 380 1566 Aeternet,
398 1516 414 1553 o
433 1516 487 1569 qua
504 1500 544 1552 sol
561 1497 723 1551 habitabiles

195 1622 198 1627 .
234 1576 358 1631 Illustrat
385 1592 447 1629 oras
464 1576 582 1628 maxims
598 1575 760 1643 principum'r

269 1652 357 1717 Quem
376 1650 445 1719 logis
463 1654 591 1717 expertes
611 1649 724 1703 Latinae

307 1726 443 1781 Vindelici
461 1726 584 1779 didicere
600 1741 689 1794 nuper

234 1802 307 1868 Quid
326 1803 416 1856 Marte
433 1818 534 1870 possea
569 1800 660 1854 Milite
677 1817 739 1853 nam
756 1803 807 1853 tno

234 1878 342 1933 Drusus
361 1878 514 1942 Genaunes,
532 1876 707 1944 implacidum
724 1891 819 1944 genus,

270 1954 450 2023 Breunosque
466 1954 581 2019 veloces,
599 1955 629 2005 et
646 1967 722 2005 eroes

305 2029 423 2097 Alpibus
441 2029 583 2096 impositas
601 2025 754 2080 tremendis

236 2103 426 2172 Dejecitaoer
444 2105 505 2173 plus
523 2104 583 2156 vice
600 2102 733 2169 simplici;

242 2179 334 2247 Major
351 2180 490 2233 Neronum
509 2195 573 2232 mox
590 2194 673 2246 grave
689 2176 825 2246 proelium

270 2255 413 2309 Commisit
430 2256 618 2323 immanesque
637 2253 739 2306 Raetos

304 2331 441 2399 Auspiciis
459 2331 565 2398 pepulit
583 2328 716 2394 secundis,

236 2406 408 2475 Spectandus
426 2406 454 2458 in
473 2404 620 2458 certamine
638 2403 748 2470 Martio,

235 2482 342 2537 Dareta
360 2482 441 2535 marti
458 2486 568 2549 pectora
585 2479 688 2533 liberae

270 2557 385 2621 Quantis
402 2556 533 2625 fatigaret
550 2556 650 2617 ruinis3

307 2632 458 2685 Indomitas
475 2647 561 2700 prope
578 2630 666 2698 qualis
683 2629 771 2684 undas

235 2707 352 2763 Exercet
370 2710 481 2776 Auster,
500 2706 646 2760 Pleiadum
664 2705 746 2759 choro

219 2782 383 2838 -lieindente
400 2782 496 2849 nubes,
514 2781 632 2849 impiger
648 2781 769 2835 hostiam

269 2857 378 2910 Vexare
395 2860 500 2910 turmas
519 2861 548 2910 et
564 2856 729 2910 frementem

305 2931 419 2984 Mittere
435 2947 537 2999 equum
555 2931 661 2984 medios
678 2948 728 2999 per
744 2931 831 2999 ignes.

237 3004 282 3057 Sic
299 3005 462 3056 tauriformis
479 3005 597 3057 volvitur
617 3006 742 3071 Aufidus,

237 3076 290 3139 Qui
307 3091 392 3142 regna
410 3078 499 3129 Dauni
517 3079 645 3145 praefluit
664 3080 757 3148 Apuli,
