2025 3409
349 12 556 63 CARMINUM
572 12 595 61 L
612 14 637 73 8,
654 15 679 64 9.
763 59 768 66 ,
914 18 934 71 2

467 155 553 211 VIII.

258 237 428 304 Lnnradic,
445 253 496 305 per
512 255 605 293 omnes

188 314 227 369 Ie
244 313 310 367 deos
327 329 382 379 oro,
401 312 516 381 Sybarin
533 330 582 367 cur
597 330 729 383 properas
746 316 861 371 amando

257 387 396 453 Perder03
413 404 463 442 cur
479 389 601 456 apricum
762 451 765 455 ,

188 463 287 518 Oderit
304 479 430 532 campum
447 464 554 532 patiens
571 464 690 533 pulveris
707 467 791 535 atque
808 465 890 520 solisl

256 540 313 593 Our
329 554 420 607 noque
436 538 562 593 militaris
920 555 934 597 s

81 676 83 683 s
188 614 267 669 Inter
284 613 413 683 aequales
429 614 544 682 equitat,
562 614 666 669 Gallica
681 631 732 670 nec
748 614 849 685 lupatis

254 690 403 758 Temperat
420 704 468 743 ora
485 689 589 744 frenisl

187 766 245 821 (lur
257 764 338 819 timet
351 764 451 819 flavum
467 764 588 819 Tiberim
601 768 734 834 tangeret
763 766 819 820 Our
832 766 933 820 olivum

258 840 394 908 Sangrdne
411 840 532 909 viperino

188 916 302 972 (lautius
318 916 395 983 vitat,
412 931 502 984 neque
515 915 575 984 jans
591 916 675 971 lisida
691 919 783 985 gestat
799 918 883 971 armis
911 933 933 972 rr

257 990 378 1062 Brachia¹
391 1006 472 1059 saepo
489 991 572 1059 disco,

188 1068 277 1137 Saepe
293 1069 370 1121 trans
388 1066 470 1119 finem
483 1066 576 1134 jaculo
593 1065 691 1121 nobilis
708 1066 856 1136 expeditol

258 1142 330 1206 Quid
348 1142 425 1210 latet,
442 1145 474 1195 ut
491 1142 612 1196 marinae

188 1217 288 1272 Filium
306 1216 401 1271 dicunt
418 1216 545 1271 'Photidis
562 1216 613 1270 sub
629 1216 771 1271 lacrimosa
787 1217 885 1288 Trojae

258 1292 366 1347 Funera
382 1308 418 1345 ne
435 1292 521 1346 virilis
910 1310 933 1350 ιε

188 1367 285 1424 Cultus
300 1368 329 1421 in
343 1367 455 1423 caedem
470 1372 498 1422 et
516 1368 611 1436 hycias
625 1368 780 1437 proriperet
795 1372 932 1427 catervasl

222 1590 310 1645 ers
326 1593 359 1644 ut
377 1590 433 1645 alta
450 1593 507 1645 stet
524 1590 586 1644 nive
603 1590 752 1647 candidum'

221 1666 340 1733 Soracte,
359 1682 409 1720 nee
423 1665 482 1733 jam
500 1665 653 1720 sustineant
670 1682 738 1723 onus

255 1742 345 1795 Silvae
362 1740 519 1796 laborantes
535 1742 653 1810 geluque
740 1757 762 1775 ·‘

291 1817 417 1871 Flumina
433 1816 607 1871 constiterint
623 1820 710 1874 acute.
729 1826 754 1858 ὓ
779 1837 784 1848 ’

220 1891 345 1947 Dissolve
361 1892 447 1960 frigus
465 1892 539 1961 ligna
556 1908 639 1959 super
654 1893 715 1946 foco
920 1910 935 1951 s

221 1966 310 2035 Largo
328 1983 469 2036 reponens,
487 1971 572 2036 atque
589 1967 731 2034 benignius

255 2042 393 2112 Deprome
411 2042 584 2111 quadrimum
603 2041 711 2111 Sabina,

290 2118 314 2171 Ο
334 2118 498 2186 Thaliarche,
517 2134 624 2172 merum
642 2118 725 2175 diota

222 2192 356 2249 Permitte
374 2193 444 2247 divis
461 2197 560 2262 cotem
577 2194 625 2262 qui
643 2194 723 2249 simul

222 2268 350 2331 Stravero
366 2272 461 2323 ventos
479 2285 597 2340 aequore
614 2269 719 2324 fervido
912 2287 935 2327 rs

257 2344 464 2412 Deproeliantes
480 2360 531 2399 nec
548 2344 669 2412 cupressi

290 2419 316 2473 N
318 2436 349 2473 ec
365 2423 472 2474 veteres
490 2419 628 2487 agimnhrr
645 2419 711 2474 orni.

224 2494 295 2559 Quid
312 2496 349 2549 sit
360 2494 488 2549 'futurum
506 2511 566 2549 cras
583 2496 647 2562 fuge
665 2511 804 2564 quaerere,
821 2500 851 2553 et

222 2570 309 2635 Quem
327 2570 396 2623 Fors
414 2570 520 2624 dierum
538 2586 645 2639 cunque
662 2569 740 2624 dabit
756 2571 832 2626 lucro

257 2647 381 2715 Appone‚
399 2662 449 2699 nec
466 2645 560 2699 dulces
577 2661 683 2699 amores
910 2662 933 2702 rs

291 2721 395 2790 Sperne
411 2736 480 2788 puer
496 2737 586 2789 neque
603 2724 635 2773 tu
652 2720 770 2791 choreas,

222 2793 317 2849 Donec
332 2795 433 2849 virenti
450 2795 562 2849 canities
579 2794 657 2850 abest

223 2869 339 2925 Morosa
374 2870 453 2923 Nunc
470 2873 500 2924 et
516 2886 627 2938 campus
644 2872 674 2924 et
691 2886 771 2926 meac

258 2944 400 3014 honosque
418 2944 469 2999 sub
485 2948 594 2999 noctem
611 2946 714 2998 susurri
1000 2975 1001 3016 r

293 3019 449 3089 Composita
465 3021 625 3087 repetantur
641 3018 726 3076 horaz
908 3032 932 3070 ss
999 3059 1000 3066 ,
