2025 3409
326 68 481 117 HORATII
498 66 628 117 mem

159 151 253 218 Qualis
270 149 422 218 Lycambae
439 151 549 217 spretus
565 146 650 200 infido
667 163 750 214 gener

194 228 253 281 Aut
270 241 332 279 aner
349 224 435 278 hostis
453 222 566 291 Bupalo.

162 303 206 360 An
225 301 248 354 si
267 302 329 370 quis
347 304 407 353 atro
427 299 511 353 dente
531 315 575 353 me
593 297 723 368 petiverit
894 313 919 353 ts

195 376 304 430 Inuitus
324 379 356 429 ut
374 374 444 430 flebo
465 375 553 445 pueri

162 604 230 673 Quo,
250 621 304 674 quo
323 602 430 659 scelesti
450 518 551 657 {initiet
569 605 685 655 auteur
704 598 828 653 dexteris

197 683 338 748 Aptantur
358 695 436 733 enses
456 678 595 733 eondItii'

163 754 298 810 Parumne
316 754 418 822 eampis
433 757 517 822 atque
536 753 667 820 Neptuno
687 767 769 818 super

197 828 298 883 nusum
316 832 359 882 est
377 827 468 882 Latini
489 826 636 895 sanguinis,

164 903 227 960 Non
246 908 278 959 ut
295 903 426 972 superbas
444 903 553 957 invidae
575 902 753 970 Karthaginis

198 978 335 1033 Romanus
353 995 429 1033 arces
447 983 548 1047 ureret,

163 1053 287 1110 Intoetus
304 1058 353 1108 aut
370 1054 519 1109 Britannus
537 1057 569 1108 ut
588 1052 769 1107 descenderet

196 1129 278 1184 Sacra
298 1133 438 1184 catenatus
457 1130 509 1197 via,

163 1204 219 1260 Sed
237 1209 270 1258 ut
289 1205 437 1257 secuudum
456 1211 520 1259 vota
541 1203 703 1259 Parthorum
722 1220 771 1257 sua

199 1279 272 1333 Urbs
292 1279 360 1333 haee
378 1281 481 1347 periret
499 1280 634 1334 dexterai

162 1354 260 1423 Neque
278 1354 322 1408 hie
340 1355 412 1423 lupis
429 1372 488 1409 mes
508 1372 559 1409 nee
577 1355 630 1408 fuit
647 1354 770 1408 leonibus

199 1429 327 1497 Unquam
347 1431 399 1485 nisi
417 1430 446 1483 in
466 1431 560 1499 dispar
576 1430 650 1484 feris.

164 1504 288 1559 Fur-orne
306 1520 408 1572 (aecus,
427 1522 462 1559 an
479 1507 554 1575 rapit
572 1506 612 1560 vis
632 1504 727 1569 aerior,
784 1515 795 1531 ·

198 1580 243 1633 An
263 1580 360 1648 culpat
397 1581 568 1650 Responsum
589 1583 661 1636 date

164 1654 266 1709 Tacent
284 1660 313 1709 et
331 1656 408 1709 albus
428 1673 476 1711 ora
493 1657 581 1725 pallor
597 1657 684 1712 inficit

201 1730 364 1800 Montesque
382 1733 523 1799 perculsae
543 1739 662 1802 stupent.

164 1806 208 1862 sic
229 1809 287 1860 est:
307 1806 406 1860 acerba
423 1808 480 1860 fata
499 1807 636 1861 Romanos
654 1809 739 1875 agrmt

198 1880 344 1950 Scelusque
362 1881 501 1937 fraternae
519 1883 601 1949 necis,

164 1956 205 2011 Ut
222 1956 391 2010 immerentis
409 1958 489 2011 fluxit
507 1958 536 2011 in
554 1961 658 2012 terram
677 1954 755 2010 Itemi

198 2030 280 2084 Sacer
297 2032 441 2101 nepotibus
458 2049 544 2089 eruor.

447 2173 533 2228 VIII.
561 2162 565 2172 ¹

165 2256 282 2311 Rouana
302 2255 384 2322 longo
402 2256 526 2323 putidam
544 2256 689 2325 tenacula,

200 2331 279 2383 Vires
297 2330 365 2399 quid
384 2335 497 2386 enervet
515 2337 606 2386 meas!

164 2406 233 2461 Cum
253 2406 289 2460 sit
306 2406 358 2459 tibi
377 2406 444 2461 dens
462 2411 523 2461 ater
541 2411 571 2461 et
588 2408 663 2476 rugis
683 2410 762 2461 vetus

199 2482 328 2536 Frontem
348 2487 473 2537 senectus
492 2488 594 2549 exaret,

164 2557 287 2626 Hietque
306 2558 396 2627 turpis
414 2559 486 2613 iuter
506 2560 597 2613 aridas
615 2563 694 2613 nates

199 2633 294 2686 Podex
314 2634 390 2688 velut
408 2634 510 2688 crudae
529 2635 613 2689 bovis

165 2708 220 2763 Sed
239 2709 337 2763 incitat
355 2726 399 2764 me
417 2715 513 2777 peetus
534 2715 564 2765 et
581 2726 715 2765 mammae
732 2712 836 2779 putres,

200 2784 307 2851 Equina
328 2785 422 2851 quaies
442 2784 535 2854 ubera,

166 2856 325 2925 Venterque
344 2860 432 2911 mollis
451 2864 480 2911 et
498 2860 587 2913 femur
604 2859 773 2914 tumentibus

203 2931 280 2983 Exile
301 2932 370 2982 suris
390 2931 523 2986 additum.
894 2948 920 2989 ιο

169 3003 236 3056 Esto
255 3002 343 3068 beata,
362 3004 443 3057 fimus
462 3009 546 3073 atque
565 3008 698 3076 imagines

204 3074 312 3128 Dueant
329 3077 507 3144 triumphales
525 3083 611 3149 tuum,
