2025 3409
398 42 553 89 HOItA'I'II
570 42 701 93 FLAGOI

512 188 582 245 XII.

226 268 253 322 N
255 282 316 323 oms
333 270 413 339 longa
429 272 505 327 serae
522 272 596 327 bella
612 273 785 345 Numantiae,

228 344 288 399 Nec
305 344 396 399 dirum
414 347 607 418 Hannibalem,
623 361 674 404 nec
691 347 816 405 Siculum
826 366 909 406 mare

227 418 318 474 Poeno
334 437 500 490 purpureum
518 424 649 492 sanguine
665 425 792 479 mollibus

261 496 361 565 Aptari
378 498 499 553 citharae
517 500 606 554 modis
615 521 623 565 ;

226 570 285 626 Nec
302 588 395 629 saevos
413 573 544 643 Lapithas
562 579 591 629 et
608 575 722 631 nimium
739 594 816 634 mero

227 646 362 715 Hylaeum
379 648 552 719 domitosque
571 651 710 705 Herculea
726 669 808 709 manu

227 721 341 777 Telluris
355 723 476 792 juvenes,
494 724 570 780 unde
588 726 736 794 periculum

262 796 381 866 Fulgens
398 801 561 854 contremuit
579 800 676 855 domus

229 875 338 926 Saturni
357 875 475 940 veteris3
492 878 579 944 tuque
596 876 768 944 pedestribus

227 947 307 1001 Dices
323 948 445 1003 historiis
461 952 564 1019 proelia
581 951 711 1020 Caesaris,
944 969 964 1011 lo
992 957 993 998 l

225 1022 376 1092 Maecenas,
393 1024 489 1079 melius
507 1026 644 1095 ductaque
660 1043 711 1095 per
727 1028 785 1083 vias

262 1098 368 1167 Regum
385 1100 453 1154 colla
470 1102 624 1170 minacium

226 1174 273 1228 Me
291 1175 383 1230 dulces
401 1176 527 1231 dominae
545 1178 625 1231 Musa
643 1176 796 1245 Licymniae

226 1250 336 1318 Cantus,
353 1268 397 1306 me
414 1251 499 1306 voluit
517 1252 608 1308 dicere
625 1252 765 1306 lucidum·

226 1325 375 1394 Fulgentes
392 1327 531 1381 oculos'et
548 1327 618 1382 bene
635 1328 738 1382 mutuis
943 1342 963 1385 15

261 1401 360 1455 Fidum
377 1405 473 1469 pectus
490 1403 644 1468 amoribus;

227 1476 314 1540 Quam
331 1493 382 1531 nec
398 1477 470 1531 ferre
487 1478 587 1546 pedem
605 1478 734 1533 dedecuit
751 1478 847 1544 choris,

225 1551 251 1605 N
253 1568 284 1605 ec
300 1555 406 1605 certare
418 1551 481 1619 joco
498 1569 550 1607 nec
567 1554 634 1607 dare
651 1553 762 1609 brachia

225 1624 379 1680 Ludentem
396 1627 490 1681 nitidis
508 1628 751 1697 virginibus-sacro

258 1700 363 1755 Dianae
379 1702 492 1757 celebris
510 1704 562 1758 die.
939 1718 961 1759 s)

224 1776 251 1831 N
252 1793 298 1830 um
316 1782 347 1831 tu
364 1794 434 1846 quae
451 1779 540 1833 tenuit
558 1780 634 1834 dives
653 1779 846 1850 Achaemenes,

224 1853 284 1906 Aut
300 1853 409 1922 pinguis
427 1853 561 1922 Phrygiae
579 1855 739 1923 Mygdonias
756 1871 822 1924 opes

224 1927 384 1983 Permutare
401 1929 467 1983 velis
484 1931 559 1983 crine
576 1930 737 2000 Licymniae,

257 2002 356 2057 Plenas
374 2008 422 2058 ant
440 2004 564 2058 Arabum
583 2005 696 2061 domosl

223 2077 296 2131 Dum
313 2078 456 2147 flagrantia
473 2079 621 2149 detorquet
637 2082 674 2135 ud
692 2081 782 2136 oscula

223 2153 363 2208 (lotricem
380 2159 429 2208 aut
445 2156 517 2209 facili
535 2156 647 2210 saevitia
664 2161 753 2225 negat,

224 2228 300 2293 Quae
317 2232 447 2298 poscente
465 2231 552 2299 nragis
568 2232 688 2299 gaudeat
704 2232 780 2302 eripi,

257 2304 401 2359 Interdum
419 2322 517 2374 rapere
534 2311 655 2377 occupet.

498 2446 584 2501 XIII.

220 2529 288 2582 lune
307 2532 336 2584 et
353 2530 458 2585 nefasto
476 2533 505 2585 te
521 2530 611 2599 posuit
629 2531 682 2599 dio,

222 2605 380 2675 Quicunque
397 2606 522 2675 primum,
540 2610 570 2660 et
587 2608 718 2675 sacrilega
735 2624 818 2664 manu

255 2681 395 2749 Produxit,
414 2681 501 2749 arbos,
519 2682 547 2734 in
564 2685 694 2751 nepotum

282 2756 438 2811 .Perniciem
456 2756 684 2827 opprobriumque
700 2759 779 2828 pagi3

220 2829 302 2884 Illum
320 2836 349 2884 et
366 2832 488 2899 parentis
505 2833 667 2886 crediderim
685 2833 727 2886 sui
943 2840 956 2885 ε

221 2902 348 2970 Fregisse
365 2906 495 2957 cervicem
513 2909 543 2959 et
559 2908 709 2973 penetralia

255 2976 391 3043 Sparsisse
408 2982 540 3032 nocturno
557 2995 653 3034 cruore

291 3048 433 3117 Hospitis:
450 3051 496 3104 ille
514 3069 615 3106 venena
633 3055 756 3112 Colchica
