2025 3409
342 34 487 85 EPODON
505 36 622 97 LIBER,
643 39 680 86 12.
906 43 937 91 al

151 114 210 169 Hic
226 115 327 170 tertius
345 116 504 184 December,
522 133 558 169 ex
575 132 630 184 quo
648 117 744 171 destiti
927 134 940 173 s

188 190 302 245 Inachia
319 190 419 257 furere,
439 191 513 245 silvis
530 186 662 245 honorem
680 192 794 247 decutit.

150 266 220 320 Heu
237 282 289 333 me,
306 282 357 334 per
374 265 578 319 Urbem-nam
595 267 684 335 pudet
700 269 771 322 tanti
789 269 889 321 mali-

187 340 293 394 Fabnla
311 344 414 410 quanta
430 341 487 396 sui!
525 342 715 395 Conviriomm
734 347 762 397 et
779 347 900 412 poenitet

150 416 186 469 In
204 416 267 484 quis
284 420 421 471 amantem
438 415 553 484 languor
570 420 600 471 et
618 417 756 471 silentium

185 492 288 559 Arguit
306 496 335 545 et
352 492 438 546 latere
455 494 559 560 petitus
577 492 631 547 imo
648 493 767 560 spiritus.
913 511 933 551 lo

146 566 308 621 “Contrane
325 566 430 620 lucrum
448 567 486 620 nil
504 568 594 621 valere
611 567 758 621 candidum

184 642 317 711 Pauperis
334 643 473 711 ingenium
480 643 504 697 l’'
524 642 659 711 querebar
676 644 820 712 applorans
838 643 898 701 tibi.

146 716 236 772 Simul
254 718 367 772 calentis
384 719 583 772 inverecundus
600 718 670 772 deus

182 792 341 846 Fervidiore
360 810 435 848 rnoro
452 810 551 847 arcana
568 797 707 862 promorat
724 794 790 848 loco.

146 867 253 931 Quodsi
270 868 338 921 meis
356 869 678 937 inaestuatpraecordiis
911 886 932 925 rs

182 942 284 997 Libera
300 943 370 1011 bilis,
389 947 421 998 ut
439 944 506 998 haec
524 945 631 1012 ingrata
649 944 738 999 ventis
755 943 862 1000 dividat

145 1016 281 1072 Fomenta
297 1019 394 1072 vulnus
410 1019 450 1072 nil
468 1020 569 1073 malum
586 1020 711 1086 levantia,

182 1093 297 1147 Desinet
314 1094 463 1163 imparibus
480 1102 587 1149 certare
604 1098 754 1149 summotus
771 1097 867 1164 pudor.

144 1167 203 1221 Ubi
221 1168 287 1222 haec
306 1186 417 1223 severus
435 1174 464 1223 te
480 1170 571 1238 palam
588 1170 771 1239 laudaveram,

180 1244 280 1297 Juussus
297 1244 373 1299 abire
390 1244 500 1299 dommn
517 1246 627 1300 ferebar
643 1247 748 1300 incerto
766 1246 837 1315 pede
906 1264 929 1302 ao

144 1319 194 1373 Ad
211 1336 265 1373 non
282 1321 383 1375 amicos
400 1320 454 1375 heu
472 1322 538 1374 mihi
556 1325 649 1390 postes
667 1326 697 1376 et
713 1322 768 1376 heu

181 1393 287 1449 Limina
305 1396 382 1464 dura,
399 1396 498 1465 quibus
516 1397 623 1450 lumbos
640 1401 670 1451 et
686 1397 785 1465 infregi
802 1398 881 1452 latua

143 1470 225 1525 Nunc
241 1470 384 1537 gloriantis
402 1472 553 1541 quamlibet
570 1472 756 1526 mulierculam

181 1546 298 1599 Vincere
316 1547 430 1600 mollitie
446 1563 523 1599 amor
540 1547 643 1615 Lycisci
660 1564 705 1601 me
722 1550 809 1617 tenet,

144 1620 227 1675 Umle
245 1622 375 1691 expedire
392 1639 446 1676 non
463 1622 610 1675 amicorum
629 1627 732 1691 queant
904 1638 927 1678 aa

180 1696 281 1751 libera
298 1697 408 1750 consilia
424 1714 474 1751 nec
491 1697 671 1751 contumeliae
687 1714 790 1765 graves,
840 1712 842 1718 ·

144 1770 202 1825 Sed
219 1772 287 1825 alius
305 1772 386 1826 ardor
404 1776 452 1826 aut
467 1772 576 1841 puellae
593 1773 725 1827 candidae

179 1849 239 1904 Aut
256 1848 352 1901 teretis
370 1848 448 1916 pueri
465 1848 574 1915 longam
590 1848 750 1901 renodantis
766 1865 877 1903 comam.

144 2070 219 2135 Qum
237 2071 290 2126 tibi
307 2071 355 2138 ris,
374 2070 471 2125 mulier
487 2072 575 2139 nigris
592 2070 752 2139 dignissima
769 2070 877 2127 barrisl

178 2148 293 2200 Munera
311 2148 378 2215 quid
394 2147 461 2200 mihi
479 2147 578 2215 quidve
595 2147 711 2200 tabellas

142 2222 233 2275 Mittis
250 2239 300 2275 nec
318 2223 396 2275 firmo
410 2221 505 2289 juveni
523 2238 612 2289 neque
628 2222 701 2273 naris
718 2220 835 2277 obesacl

176 2297 302 2365 Namque
320 2298 442 2365 sagacius
459 2313 531 2349 unus
548 2296 652 2369 odoror,

143 2372 260 2440 Polypus
277 2388 313 2425 an
330 2372 420 2439 gravis
437 2371 550 2425 hirsutis
568 2371 649 2425 cubet
665 2370 756 2424 hircus
773 2372 801 2424 in
819 2370 876 2440 alis,
908 2387 921 2425 o

176 2447 263 2512 Quam
281 2448 354 2501 canis
371 2464 433 2501 acer
450 2446 498 2500 ubi
515 2446 601 2500 lateat
618 2463 671 2501 sus.

141 2522 193 2585 Qui
212 2522 295 2574 sudor
311 2523 392 2576 vietis
409 2526 438 2575 ct
455 2538 537 2591 quam
552 2522 639 2574 malus
653 2521 776 2589 undique
790 2520 920 2577 membris

174 2597 280 2661 Crescit
298 2597 373 2664 odor,
392 2614 453 2650 cum
471 2613 542 2665 peno
559 2596 647 2649 soluto

140 2672 305 2726 Indomitam
323 2675 452 2749 propeqat
469 2672 572 2725 rabiem
591 2671 703 2736 sedare;
720 2688 809 2740 nequo
826 2672 866 2726 illl

172 2747 236 2801 Jam
254 2752 347 2802 manet
364 2747 476 2800 humida
492 2749 569 2800 creta
586 2746 712 2815 colorque
897 2764 919 2804 ιο

138 2822 263 2877 Stercore
279 2822 387 2877 fucatus
405 2821 539 2888 crocodili,
554 2821 668 2889 jamque
686 2820 808 2875 subando

171 2897 259 2951 'lenta
276 2897 376 2951 cubilia
393 2901 523 2965 tectaque
540 2897 660 2963 rumpit!

137 2972 189 3025 Vel
207 2988 269 3025 mea
287 2988 348 3025 cum
367 2971 454 3025 saevis
471 2970 559 3038 agitat
575 2970 687 3023 fastidia
703 2969 807 3025 verbis:

170 3047 283 3101 Inachia
299 3047 412 3114 langues
428 3046 519 3100 minus
536 3060 567 3097 ac
585 3060 646 3107 me;
