<?xml version="1.0" encoding="UTF-8"?>
<!DOCTYPE html PUBLIC "-//W3C//DTD XHTML 1.0 Transitional//EN"
    "http://www.w3.org/TR/xhtml1/DTD/xhtml1-transitional.dtd">
<html xmlns="http://www.w3.org/1999/xhtml" xml:lang="en" lang="en">
 <head>
  <title>
</title>
<meta http-equiv="Content-Type" content="text/html;charset=utf-8" />
  <meta name='ocr-system' content='tesseract 3.04.00' />
  <meta name='ocr-capabilities' content='ocr_page ocr_carea ocr_par ocr_line ocrx_word'/>
</head>
<body>
  <div class='ocr_page' id='page_1' title='image "./quintihoratiifl02maclgoog_0091.png"; bbox 0 0 2025 3409; ppageno 0'>
   <div class='ocr_carea' id='block_1_1' title="bbox 356 78 936 133">
    <p class='ocr_par' dir='ltr' id='par_1_1' title="bbox 356 78 936 133">
     <span class='ocr_line' id='line_1_1' title="bbox 356 78 936 133; baseline -0.007 0"><span class='ocrx_word' id='word_1_1' title='bbox 356 84 561 133; x_wconf 82' lang='lat' dir='ltr'><strong>CARMINUM</strong></span> <span class='ocrx_word' id='word_1_2' title='bbox 577 84 626 133; x_wconf 78' lang='lat' dir='ltr'>1v,</span> <span class='ocrx_word' id='word_1_3' title='bbox 644 88 668 133; x_wconf 84' lang='grc'>8.</span> <span class='ocrx_word' id='word_1_4' title='bbox 903 78 936 129; x_wconf 77' lang='lat' dir='ltr'>l?</span> 
     </span>
    </p>
   </div>
   <div class='ocr_carea' id='block_1_2' title="bbox 32 156 936 231">
    <p class='ocr_par' dir='ltr' id='par_1_2' title="bbox 32 156 936 231">
     <span class='ocr_line' id='line_1_2' title="bbox 32 156 936 231; baseline 0 -16"><span class='ocrx_word' id='word_1_5' title='bbox 32 156 33 175; x_wconf 73' lang='lat'>³</span> <span class='ocrx_word' id='word_1_6' title='bbox 119 157 180 225; x_wconf 83' lang='lat' dir='ltr'>Quo</span> <span class='ocrx_word' id='word_1_7' title='bbox 196 166 259 229; x_wconf 86' lang='lat' dir='ltr'>plus</span> <span class='ocrx_word' id='word_1_8' title='bbox 277 162 386 216; x_wconf 84' lang='lat' dir='ltr'>Aeneas</span> <span class='ocrx_word' id='word_1_9' title='bbox 403 178 458 231; x_wconf 90' lang='lat' dir='ltr'>quo</span> <span class='ocrx_word' id='word_1_10' title='bbox 475 163 553 217; x_wconf 85' lang='lat' dir='ltr'>dives</span> <span class='ocrx_word' id='word_1_11' title='bbox 570 163 664 217; x_wconf 87' lang='lat' dir='ltr'>&#39;lullus</span> <span class='ocrx_word' id='word_1_12' title='bbox 680 166 710 217; x_wconf 86' lang='lat' dir='ltr'>et</span> <span class='ocrx_word' id='word_1_13' title='bbox 728 166 823 217; x_wconf 83' lang='lat' dir='ltr'>Ancus</span> <span class='ocrx_word' id='word_1_14' title='bbox 913 170 936 215; x_wconf 69' lang='grc' dir='ltr'>ιε</span> 
     </span>
    </p>
   </div>
   <div class='ocr_carea' id='block_1_3' title="bbox 27 234 935 1059">
    <p class='ocr_par' dir='ltr' id='par_1_3' title="bbox 27 234 935 1059">
     <span class='ocr_line' id='line_1_3' title="bbox 31 234 527 301; baseline 0.004 -13"><span class='ocrx_word' id='word_1_15' title='bbox 31 292 32 301; x_wconf 13' lang='grc' dir='ltr'>ἦ</span> <span class='ocrx_word' id='word_1_16' title='bbox 154 234 248 289; x_wconf 86' lang='lat' dir='ltr'>Pulvis</span> <span class='ocrx_word' id='word_1_17' title='bbox 265 240 294 290; x_wconf 88' lang='lat' dir='ltr'>et</span> <span class='ocrx_word' id='word_1_18' title='bbox 311 236 409 289; x_wconf 86' lang='lat' dir='ltr'>umbra</span> <span class='ocrx_word' id='word_1_19' title='bbox 426 254 527 291; x_wconf 91' lang='lat' dir='ltr'>sumus.</span> 
     </span>
     <span class='ocr_line' id='line_1_4' title="bbox 119 310 895 379; baseline 0.003 -16"><span class='ocrx_word' id='word_1_20' title='bbox 119 310 188 375; x_wconf 84' lang='lat' dir='ltr'>Quis</span> <span class='ocrx_word' id='word_1_21' title='bbox 205 311 257 365; x_wconf 86' lang='lat' dir='ltr'>scit</span> <span class='ocrx_word' id='word_1_22' title='bbox 273 328 307 365; x_wconf 93' lang='lat' dir='ltr'>an</span> <span class='ocrx_word' id='word_1_23' title='bbox 326 311 456 379; x_wconf 86' lang='lat' dir='ltr'>adjiciant</span> <span class='ocrx_word' id='word_1_24' title='bbox 473 312 622 367; x_wconf 71' lang='lat' dir='ltr'>hodiernae</span> <span class='ocrx_word' id='word_1_25' title='bbox 639 312 758 367; x_wconf 86' lang='lat' dir='ltr'>crastina</span> <span class='ocrx_word' id='word_1_26' title='bbox 775 328 895 366; x_wconf 89' lang='lat' dir='ltr'>summae</span> 
     </span>
     <span class='ocr_line' id='line_1_5' title="bbox 153 386 459 455; baseline 0.013 -17"><span class='ocrx_word' id='word_1_27' title='bbox 153 386 288 455; x_wconf 83' lang='lat' dir='ltr'><strong>Tempora</strong></span> <span class='ocrx_word' id='word_1_28' title='bbox 304 387 334 439; x_wconf 92' lang='lat' dir='ltr'>di</span> <span class='ocrx_word' id='word_1_29' title='bbox 351 388 459 455; x_wconf 82' lang='lat' dir='ltr'>superii</span> 
     </span>
     <span class='ocr_line' id='line_1_6' title="bbox 118 460 804 532; baseline 0 -17"><span class='ocrx_word' id='word_1_30' title='bbox 118 460 226 515; x_wconf 84' lang='lat' dir='ltr'>Cuncta</span> <span class='ocrx_word' id='word_1_31' title='bbox 243 478 340 515; x_wconf 90' lang='lat' dir='ltr'>manus</span> <span class='ocrx_word' id='word_1_32' title='bbox 357 462 451 516; x_wconf 87' lang='lat' dir='ltr'>avidas</span> <span class='ocrx_word' id='word_1_33' title='bbox 468 462 575 532; x_wconf 79' lang='lat' dir='ltr'><strong>fugient</strong></span> <span class='ocrx_word' id='word_1_34' title='bbox 592 462 702 517; x_wconf 85' lang='lat' dir='ltr'>heredis</span> <span class='ocrx_word' id='word_1_35' title='bbox 718 462 804 516; x_wconf 89' lang='lat' dir='ltr'>amieo</span> 
     </span>
     <span class='ocr_line' id='line_1_7' title="bbox 153 536 935 600; baseline 0.003 -11"><span class='ocrx_word' id='word_1_36' title='bbox 153 536 231 600; x_wconf 85' lang='lat' dir='ltr'>Quae</span> <span class='ocrx_word' id='word_1_37' title='bbox 249 537 360 590; x_wconf 88' lang='lat' dir='ltr'>dederis</span> <span class='ocrx_word' id='word_1_38' title='bbox 377 539 474 592; x_wconf 90' lang='lat' dir='ltr'>animo.</span> <span class='ocrx_word' id='word_1_39' title='bbox 911 553 935 591; x_wconf 81' lang='lat' dir='ltr'>ro</span> 
     </span>
     <span class='ocr_line' id='line_1_8' title="bbox 118 610 860 681; baseline 0.001 -16"><span class='ocrx_word' id='word_1_40' title='bbox 118 610 189 665; x_wconf 76' lang='lat' dir='ltr'>Cum</span> <span class='ocrx_word' id='word_1_41' title='bbox 207 613 291 666; x_wconf 89' lang='lat' dir='ltr'>semel</span> <span class='ocrx_word' id='word_1_42' title='bbox 309 613 439 667; x_wconf 84' lang='lat' dir='ltr'>occideris</span> <span class='ocrx_word' id='word_1_43' title='bbox 456 618 487 668; x_wconf 90' lang='lat' dir='ltr'>et</span> <span class='ocrx_word' id='word_1_44' title='bbox 503 615 540 667; x_wconf 93' lang='lat' dir='ltr'>de</span> <span class='ocrx_word' id='word_1_45' title='bbox 556 616 587 668; x_wconf 82' lang='lat' dir='ltr'>te</span> <span class='ocrx_word' id='word_1_46' title='bbox 604 612 748 681; x_wconf 84' lang='lat' dir='ltr'>splendida</span> <span class='ocrx_word' id='word_1_47' title='bbox 765 613 860 666; x_wconf 83' lang='lat' dir='ltr'>Minos</span> 
     </span>
     <span class='ocr_line' id='line_1_9' title="bbox 27 686 403 757; baseline 0.008 -18"><span class='ocrx_word' id='word_1_48' title='bbox 27 702 28 729; x_wconf 45' lang='grc' dir='ltr'><strong><em>ὲ</em></strong></span> <span class='ocrx_word' id='word_1_49' title='bbox 153 686 265 742; x_wconf 82' lang='lat' dir='ltr'>Fecerit</span> <span class='ocrx_word' id='word_1_50' title='bbox 281 688 403 757; x_wconf 87' lang='lat' dir='ltr'>arbitria,</span> 
     </span>
     <span class='ocr_line' id='line_1_10' title="bbox 27 762 855 833; baseline 0.007 -22"><span class='ocrx_word' id='word_1_51' title='bbox 27 808 28 811; x_wconf 74' lang='grc'>,</span> <span class='ocrx_word' id='word_1_52' title='bbox 118 762 189 830; x_wconf 88' lang='lat' dir='ltr'>Non,</span> <span class='ocrx_word' id='word_1_53' title='bbox 208 764 353 833; x_wconf 85' lang='lat' dir='ltr'>Torquate,</span> <span class='ocrx_word' id='word_1_54' title='bbox 371 782 465 832; x_wconf 86' lang='lat' dir='ltr'>genus,</span> <span class='ocrx_word' id='word_1_55' title='bbox 483 781 538 817; x_wconf 92' lang='lat' dir='ltr'>non</span> <span class='ocrx_word' id='word_1_56' title='bbox 555 767 585 817; x_wconf 79' lang='lat' dir='ltr'>te</span> <span class='ocrx_word' id='word_1_57' title='bbox 602 762 736 830; x_wconf 76' lang='lat' dir='ltr'><strong>facundia,</strong></span> <span class='ocrx_word' id='word_1_58' title='bbox 754 780 808 817; x_wconf 92' lang='lat' dir='ltr'>non</span> <span class='ocrx_word' id='word_1_59' title='bbox 827 767 855 817; x_wconf 87' lang='lat' dir='ltr'>te</span> 
     </span>
     <span class='ocr_line' id='line_1_11' title="bbox 154 838 416 908; baseline 0.011 -18"><span class='ocrx_word' id='word_1_60' title='bbox 154 838 295 893; x_wconf 84' lang='lat' dir='ltr'>Restituet</span> <span class='ocrx_word' id='word_1_61' title='bbox 312 840 416 908; x_wconf 88' lang='lat' dir='ltr'>pietas;</span> 
     </span>
     <span class='ocr_line' id='line_1_12' title="bbox 121 913 935 984; baseline -0.005 -17"><span class='ocrx_word' id='word_1_62' title='bbox 121 913 240 967; x_wconf 80' lang='lat' dir='ltr'>infernis</span> <span class='ocrx_word' id='word_1_63' title='bbox 257 931 347 984; x_wconf 90' lang='lat' dir='ltr'>neque</span> <span class='ocrx_word' id='word_1_64' title='bbox 364 916 437 968; x_wconf 91' lang='lat' dir='ltr'>enim</span> <span class='ocrx_word' id='word_1_65' title='bbox 454 914 576 969; x_wconf 87' lang='lat' dir='ltr'>tenebris</span> <span class='ocrx_word' id='word_1_66' title='bbox 594 914 683 968; x_wconf 89' lang='lat' dir='ltr'>Diana</span> <span class='ocrx_word' id='word_1_67' title='bbox 699 914 828 983; x_wconf 88' lang='lat' dir='ltr'>pudicum</span> <span class='ocrx_word' id='word_1_68' title='bbox 911 925 935 963; x_wconf 78' lang='lat' dir='ltr'>ss</span> 
     </span>
     <span class='ocr_line' id='line_1_13' title="bbox 153 989 473 1059; baseline 0.003 -18"><span class='ocrx_word' id='word_1_69' title='bbox 153 989 266 1043; x_wconf 79' lang='lat' dir='ltr'><strong>Liberat</strong></span> <span class='ocrx_word' id='word_1_70' title='bbox 284 989 473 1059; x_wconf 81' lang='lat' dir='ltr'>Hippolytum,</span> 
     </span>
    </p>
   </div>
   <div class='ocr_carea' id='block_1_4' title="bbox 25 1064 806 1133">
    <p class='ocr_par' dir='ltr' id='par_1_4' title="bbox 25 1064 806 1133">
     <span class='ocr_line' id='line_1_14' title="bbox 25 1064 806 1133; baseline -0.004 -14"><span class='ocrx_word' id='word_1_71' title='bbox 25 1090 26 1093; x_wconf 38' lang='lat'>¹</span> <span class='ocrx_word' id='word_1_72' title='bbox 124 1064 178 1119; x_wconf 83' lang='lat' dir='ltr'>Nec</span> <span class='ocrx_word' id='word_1_73' title='bbox 196 1065 317 1119; x_wconf 82' lang='lat' dir='ltr'>Lethaea</span> <span class='ocrx_word' id='word_1_74' title='bbox 333 1065 406 1119; x_wconf 76' lang='lat' dir='ltr'>valet</span> <span class='ocrx_word' id='word_1_75' title='bbox 424 1065 545 1118; x_wconf 79' lang='lat' dir='ltr'>Theseus</span> <span class='ocrx_word' id='word_1_76' title='bbox 562 1064 726 1133; x_wconf 88' lang='lat' dir='ltr'>abrumpere</span> <span class='ocrx_word' id='word_1_77' title='bbox 743 1079 806 1117; x_wconf 87' lang='lat' dir='ltr'>caro</span> 
     </span>
    </p>
   </div>
   <div class='ocr_carea' id='block_1_5' title="bbox 154 1138 432 1194">
    <p class='ocr_par' dir='ltr' id='par_1_5' title="bbox 154 1138 432 1194">
     <span class='ocr_line' id='line_1_15' title="bbox 154 1138 432 1194; baseline 0.011 -3"><span class='ocrx_word' id='word_1_78' title='bbox 154 1138 268 1193; x_wconf 78' lang='lat' dir='ltr'>Vincula</span> <span class='ocrx_word' id='word_1_79' title='bbox 287 1140 432 1194; x_wconf 86' lang='lat' dir='ltr'>Peirithoo.</span> 
     </span>
    </p>
   </div>
   <div class='ocr_carea' id='block_1_6' title="bbox 463 1282 549 1336">
    <p class='ocr_par' dir='ltr' id='par_1_6' title="bbox 463 1282 549 1336">
     <span class='ocr_line' id='line_1_16' title="bbox 463 1282 549 1336; baseline 0.012 -1"><span class='ocrx_word' id='word_1_80' title='bbox 463 1282 549 1336; x_wconf 85' lang='lat' dir='ltr'><strong>VIII.</strong></span> 
     </span>
    </p>
   </div>
   <div class='ocr_carea' id='block_1_7' title="bbox 104 1361 935 3151">
    <p class='ocr_par' dir='ltr' id='par_1_7' title="bbox 104 1361 935 3151">
     <span class='ocr_line' id='line_1_17' title="bbox 152 1361 755 1432; baseline 0 -16"><span class='ocrx_word' id='word_1_81' title='bbox 152 1361 295 1417; x_wconf 80' lang='lat' dir='ltr'>Dorsasu</span> <span class='ocrx_word' id='word_1_82' title='bbox 313 1366 424 1432; x_wconf 87' lang='lat' dir='ltr'>pateras</span> <span class='ocrx_word' id='word_1_83' title='bbox 440 1368 574 1432; x_wconf 82' lang='lat' dir='ltr'>grataque</span> <span class='ocrx_word' id='word_1_84' title='bbox 591 1364 755 1430; x_wconf 77' lang='lat' dir='ltr'>conrmodus,</span> 
     </span>
     <span class='ocr_line' id='line_1_18' title="bbox 153 1438 635 1507; baseline 0 -15"><span class='ocrx_word' id='word_1_85' title='bbox 153 1438 307 1507; x_wconf 80' lang='lat' dir='ltr'>Censorino,</span> <span class='ocrx_word' id='word_1_86' title='bbox 324 1439 393 1492; x_wconf 88' lang='lat' dir='ltr'>meis</span> <span class='ocrx_word' id='word_1_87' title='bbox 409 1455 474 1493; x_wconf 86' lang='lat' dir='ltr'>aera</span> <span class='ocrx_word' id='word_1_88' title='bbox 490 1440 635 1506; x_wconf 79' lang='lat' dir='ltr'>sodalibus,</span> 
     </span>
     <span class='ocr_line' id='line_1_19' title="bbox 153 1513 705 1583; baseline 0.004 -17"><span class='ocrx_word' id='word_1_89' title='bbox 153 1513 290 1567; x_wconf 85' lang='lat' dir='ltr'>Donarem</span> <span class='ocrx_word' id='word_1_90' title='bbox 307 1513 438 1583; x_wconf 76' lang='lat' dir='ltr'>tripodas,</span> <span class='ocrx_word' id='word_1_91' title='bbox 455 1516 577 1583; x_wconf 88' lang='lat' dir='ltr'>praemia</span> <span class='ocrx_word' id='word_1_92' title='bbox 593 1514 705 1568; x_wconf 85' lang='lat' dir='ltr'>fortium</span> 
     </span>
     <span class='ocr_line' id='line_1_20' title="bbox 153 1588 755 1659; baseline 0.003 -17"><span class='ocrx_word' id='word_1_93' title='bbox 153 1588 304 1657; x_wconf 82' lang='lat' dir='ltr'>Graiorum,</span> <span class='ocrx_word' id='word_1_94' title='bbox 322 1606 411 1659; x_wconf 86' lang='lat' dir='ltr'>neque</span> <span class='ocrx_word' id='word_1_95' title='bbox 429 1594 462 1643; x_wconf 88' lang='lat' dir='ltr'>tu</span> <span class='ocrx_word' id='word_1_96' title='bbox 478 1591 597 1659; x_wconf 87' lang='lat' dir='ltr'>pessima</span> <span class='ocrx_word' id='word_1_97' title='bbox 612 1607 755 1644; x_wconf 90' lang='lat' dir='ltr'>munerum</span> 
     </span>
     <span class='ocr_line' id='line_1_21' title="bbox 154 1664 935 1733; baseline 0 -15"><span class='ocrx_word' id='word_1_98' title='bbox 154 1664 259 1733; x_wconf 82' lang='lat' dir='ltr'>Fames,</span> <span class='ocrx_word' id='word_1_99' title='bbox 277 1664 364 1718; x_wconf 87' lang='lat' dir='ltr'>divite</span> <span class='ocrx_word' id='word_1_100' title='bbox 381 1682 427 1718; x_wconf 88' lang='lat' dir='ltr'>me</span> <span class='ocrx_word' id='word_1_101' title='bbox 444 1666 547 1720; x_wconf 85' lang='lat' dir='ltr'>seilicet</span> <span class='ocrx_word' id='word_1_102' title='bbox 563 1666 664 1719; x_wconf 87' lang='lat' dir='ltr'>artium</span> <span class='ocrx_word' id='word_1_103' title='bbox 923 1679 935 1718; x_wconf 80' lang='lat' dir='ltr'>s</span> 
     </span>
     <span class='ocr_line' id='line_1_22' title="bbox 153 1740 795 1810; baseline 0.003 -17"><span class='ocrx_word' id='word_1_104' title='bbox 153 1740 227 1804; x_wconf 80' lang='lat' dir='ltr'>Quas</span> <span class='ocrx_word' id='word_1_105' title='bbox 244 1744 293 1795; x_wconf 86' lang='lat' dir='ltr'>aut</span> <span class='ocrx_word' id='word_1_106' title='bbox 312 1740 472 1793; x_wconf 84' lang='lat' dir='ltr'>Parrhasius</span> <span class='ocrx_word' id='word_1_107' title='bbox 489 1742 605 1810; x_wconf 88' lang='lat' dir='ltr'>protulit</span> <span class='ocrx_word' id='word_1_108' title='bbox 621 1744 670 1794; x_wconf 89' lang='lat' dir='ltr'>aut</span> <span class='ocrx_word' id='word_1_109' title='bbox 688 1741 795 1809; x_wconf 80' lang='lat' dir='ltr'>Scopas,</span> 
     </span>
     <span class='ocr_line' id='line_1_23' title="bbox 104 1815 645 1884; baseline 0.004 -17"><span class='ocrx_word' id='word_1_110' title='bbox 104 1860 106 1867; x_wconf 94' lang='lat'><em>.</em></span> <span class='ocrx_word' id='word_1_111' title='bbox 154 1816 208 1869; x_wconf 86' lang='lat' dir='ltr'>llic</span> <span class='ocrx_word' id='word_1_112' title='bbox 225 1832 298 1883; x_wconf 84' lang='lat' dir='ltr'>saxo,</span> <span class='ocrx_word' id='word_1_113' title='bbox 316 1816 428 1884; x_wconf 84' lang='lat' dir='ltr'>liquidis</span> <span class='ocrx_word' id='word_1_114' title='bbox 446 1815 492 1868; x_wconf 92' lang='lat' dir='ltr'>ille</span> <span class='ocrx_word' id='word_1_115' title='bbox 510 1815 645 1869; x_wconf 88' lang='lat' dir='ltr'>coloribus</span> 
     </span>
     <span class='ocr_line' id='line_1_24' title="bbox 153 1890 822 1959; baseline 0.001 -15"><span class='ocrx_word' id='word_1_116' title='bbox 153 1891 253 1945; x_wconf 81' lang='lat' dir='ltr'>Sollers</span> <span class='ocrx_word' id='word_1_117' title='bbox 270 1908 342 1945; x_wconf 91' lang='lat' dir='ltr'>nunc</span> <span class='ocrx_word' id='word_1_118' title='bbox 360 1890 497 1944; x_wconf 89' lang='lat' dir='ltr'>hominem</span> <span class='ocrx_word' id='word_1_119' title='bbox 515 1908 624 1959; x_wconf 88' lang='lat' dir='ltr'>ponere,</span> <span class='ocrx_word' id='word_1_120' title='bbox 642 1907 713 1944; x_wconf 91' lang='lat' dir='ltr'>nuuc</span> <span class='ocrx_word' id='word_1_121' title='bbox 731 1891 822 1945; x_wconf 84' lang='lat' dir='ltr'>deum</span> 
     </span>
     <span class='ocr_line' id='line_1_25' title="bbox 153 1966 761 2034; baseline -0.003 -13"><span class='ocrx_word' id='word_1_122' title='bbox 153 1967 208 2021; x_wconf 83' lang='lat' dir='ltr'>Sed</span> <span class='ocrx_word' id='word_1_123' title='bbox 224 1983 279 2020; x_wconf 90' lang='lat' dir='ltr'>non</span> <span class='ocrx_word' id='word_1_124' title='bbox 295 1966 362 2020; x_wconf 87' lang='lat' dir='ltr'>haec</span> <span class='ocrx_word' id='word_1_125' title='bbox 374 1966 440 2019; x_wconf 93' lang='lat' dir='ltr'>mihi</span> <span class='ocrx_word' id='word_1_126' title='bbox 457 1966 505 2034; x_wconf 83' lang='lat' dir='ltr'>vis,</span> <span class='ocrx_word' id='word_1_127' title='bbox 523 1983 576 2020; x_wconf 87' lang='lat' dir='ltr'>non</span> <span class='ocrx_word' id='word_1_128' title='bbox 594 1967 647 2021; x_wconf 91' lang='lat' dir='ltr'>tibi</span> <span class='ocrx_word' id='word_1_129' title='bbox 663 1966 761 2020; x_wconf 87' lang='lat' dir='ltr'>talium</span> 
     </span>
     <span class='ocr_line' id='line_1_26' title="bbox 153 2041 933 2109; baseline -0.001 -14"><span class='ocrx_word' id='word_1_130' title='bbox 153 2042 209 2096; x_wconf 83' lang='lat' dir='ltr'>Res</span> <span class='ocrx_word' id='word_1_131' title='bbox 226 2046 269 2096; x_wconf 84' lang='lat' dir='ltr'>est</span> <span class='ocrx_word' id='word_1_132' title='bbox 286 2046 335 2095; x_wconf 90' lang='lat' dir='ltr'>aut</span> <span class='ocrx_word' id='word_1_133' title='bbox 352 2042 458 2095; x_wconf 79' lang='lat' dir='ltr'>ammus</span> <span class='ocrx_word' id='word_1_134' title='bbox 476 2041 634 2095; x_wconf 87' lang='lat' dir='ltr'>deliciarum</span> <span class='ocrx_word' id='word_1_135' title='bbox 652 2059 742 2109; x_wconf 87' lang='lat' dir='ltr'>egens.</span> <span class='ocrx_word' id='word_1_136' title='bbox 913 2058 933 2093; x_wconf 89' lang='lat'>10</span> 
     </span>
     <span class='ocr_line' id='line_1_27' title="bbox 153 2118 762 2192; baseline 0 -21"><span class='ocrx_word' id='word_1_137' title='bbox 153 2118 263 2172; x_wconf 87' lang='lat' dir='ltr'>Gaudes</span> <span class='ocrx_word' id='word_1_138' title='bbox 279 2118 460 2182; x_wconf 87' lang='lat' dir='ltr'>carminibus;</span> <span class='ocrx_word' id='word_1_139' title='bbox 480 2118 601 2171; x_wconf 85' lang='lat' dir='ltr'>carmina</span> <span class='ocrx_word' id='word_1_140' title='bbox 617 2134 762 2192; x_wconf 85' lang='lat' dir='ltr'>possumus</span> 
     </span>
     <span class='ocr_line' id='line_1_28' title="bbox 153 2191 696 2261; baseline 0.006 -15"><span class='ocrx_word' id='word_1_141' title='bbox 153 2193 262 2247; x_wconf 89' lang='lat' dir='ltr'>Donare</span> <span class='ocrx_word' id='word_1_142' title='bbox 280 2196 309 2247; x_wconf 86' lang='lat' dir='ltr'>et</span> <span class='ocrx_word' id='word_1_143' title='bbox 326 2193 446 2261; x_wconf 89' lang='lat' dir='ltr'>pretium</span> <span class='ocrx_word' id='word_1_144' title='bbox 464 2191 556 2246; x_wconf 91' lang='lat' dir='ltr'>dicere</span> <span class='ocrx_word' id='word_1_145' title='bbox 573 2194 696 2249; x_wconf 62' lang='lat' dir='ltr'>muneri„</span> 
     </span>
     <span class='ocr_line' id='line_1_29' title="bbox 153 2267 702 2336; baseline 0 -15"><span class='ocrx_word' id='word_1_146' title='bbox 153 2268 216 2322; x_wconf 90' lang='lat' dir='ltr'>Non</span> <span class='ocrx_word' id='word_1_147' title='bbox 233 2268 319 2321; x_wconf 90' lang='lat' dir='ltr'>incisa</span> <span class='ocrx_word' id='word_1_148' title='bbox 336 2268 409 2320; x_wconf 85' lang='lat' dir='ltr'>notis</span> <span class='ocrx_word' id='word_1_149' title='bbox 427 2282 563 2321; x_wconf 88' lang='lat' dir='ltr'>marmora</span> <span class='ocrx_word' id='word_1_150' title='bbox 579 2267 702 2336; x_wconf 82' lang='lat' dir='ltr'>publicis,</span> 
     </span>
     <span class='ocr_line' id='line_1_30' title="bbox 153 2342 734 2411; baseline -0.002 -15"><span class='ocrx_word' id='word_1_151' title='bbox 153 2344 206 2397; x_wconf 91' lang='lat' dir='ltr'>Per</span> <span class='ocrx_word' id='word_1_152' title='bbox 223 2360 294 2411; x_wconf 86' lang='lat' dir='ltr'>quae</span> <span class='ocrx_word' id='word_1_153' title='bbox 312 2343 425 2411; x_wconf 86' lang='lat' dir='ltr'>spiritus</span> <span class='ocrx_word' id='word_1_154' title='bbox 443 2348 472 2398; x_wconf 90' lang='lat' dir='ltr'>et</span> <span class='ocrx_word' id='word_1_155' title='bbox 490 2342 548 2396; x_wconf 84' lang='lat' dir='ltr'>vita</span> <span class='ocrx_word' id='word_1_156' title='bbox 564 2344 638 2396; x_wconf 91' lang='lat' dir='ltr'>redit</span> <span class='ocrx_word' id='word_1_157' title='bbox 655 2342 734 2395; x_wconf 90' lang='lat' dir='ltr'>bonis</span> 
     </span>
     <span class='ocr_line' id='line_1_31' title="bbox 152 2418 934 2486; baseline -0.004 -15"><span class='ocrx_word' id='word_1_158' title='bbox 152 2418 219 2472; x_wconf 83' lang='lat' dir='ltr'>Post</span> <span class='ocrx_word' id='word_1_159' title='bbox 236 2422 352 2472; x_wconf 91' lang='lat' dir='ltr'>mortem</span> <span class='ocrx_word' id='word_1_160' title='bbox 371 2418 493 2486; x_wconf 89' lang='lat' dir='ltr'>ducibus,</span> <span class='ocrx_word' id='word_1_161' title='bbox 511 2433 566 2470; x_wconf 92' lang='lat' dir='ltr'>non</span> <span class='ocrx_word' id='word_1_162' title='bbox 583 2418 685 2471; x_wconf 83' lang='lat' dir='ltr'>celeres</span> <span class='ocrx_word' id='word_1_163' title='bbox 701 2418 782 2485; x_wconf 81' lang='lat' dir='ltr'>fugae</span> <span class='ocrx_word' id='word_1_164' title='bbox 914 2431 934 2469; x_wconf 73' lang='lat' dir='ltr'>rs</span> 
     </span>
     <span class='ocr_line' id='line_1_32' title="bbox 152 2492 801 2562; baseline -0.002 -15"><span class='ocrx_word' id='word_1_165' title='bbox 152 2492 339 2562; x_wconf 87' lang='lat' dir='ltr'>Rejectaeque</span> <span class='ocrx_word' id='word_1_166' title='bbox 356 2498 506 2547; x_wconf 82' lang='lat' dir='ltr'>retrorsum</span> <span class='ocrx_word' id='word_1_167' title='bbox 526 2493 688 2545; x_wconf 75' lang='lat' dir='ltr'>Hannibalis</span> <span class='ocrx_word' id='word_1_168' title='bbox 705 2494 801 2560; x_wconf 88' lang='lat' dir='ltr'>minae,</span> 
     </span>
     <span class='ocr_line' id='line_1_33' title="bbox 151 2568 682 2636; baseline -0.002 -14"><span class='ocrx_word' id='word_1_169' title='bbox 151 2568 214 2622; x_wconf 87' lang='lat' dir='ltr'>Non</span> <span class='ocrx_word' id='word_1_170' title='bbox 231 2568 357 2621; x_wconf 85' lang='lat' dir='ltr'>incendia</span> <span class='ocrx_word' id='word_1_171' title='bbox 377 2568 555 2636; x_wconf 86' lang='lat' dir='ltr'>Karthaginis</span> <span class='ocrx_word' id='word_1_172' title='bbox 574 2568 682 2635; x_wconf 86' lang='lat' dir='ltr'>impiae,</span> 
     </span>
     <span class='ocr_line' id='line_1_34' title="bbox 152 2642 694 2713; baseline -0.002 -16"><span class='ocrx_word' id='word_1_173' title='bbox 152 2644 220 2713; x_wconf 77' lang='lat' dir='ltr'>Ejus</span> <span class='ocrx_word' id='word_1_174' title='bbox 237 2644 285 2713; x_wconf 92' lang='lat' dir='ltr'>qui</span> <span class='ocrx_word' id='word_1_175' title='bbox 303 2643 407 2697; x_wconf 71' lang='lat' dir='ltr'>densita</span> <span class='ocrx_word' id='word_1_176' title='bbox 424 2659 524 2696; x_wconf 82' lang='lat' dir='ltr'>nonren</span> <span class='ocrx_word' id='word_1_177' title='bbox 544 2642 579 2695; x_wconf 91' lang='lat' dir='ltr'>ab</span> <span class='ocrx_word' id='word_1_178' title='bbox 599 2642 694 2696; x_wconf 81' lang='lat' dir='ltr'>Africa</span> 
     </span>
     <span class='ocr_line' id='line_1_35' title="bbox 151 2718 648 2774; baseline -0.002 -1"><span class='ocrx_word' id='word_1_179' title='bbox 151 2720 287 2774; x_wconf 83' lang='lat' dir='ltr'>Lucratus</span> <span class='ocrx_word' id='word_1_180' title='bbox 304 2719 389 2773; x_wconf 88' lang='lat' dir='ltr'>rediit</span> <span class='ocrx_word' id='word_1_181' title='bbox 407 2719 506 2773; x_wconf 88' lang='lat' dir='ltr'>clarius</span> <span class='ocrx_word' id='word_1_182' title='bbox 524 2718 648 2772; x_wconf 88' lang='lat' dir='ltr'>indicant</span> 
     </span>
     <span class='ocr_line' id='line_1_36' title="bbox 153 2793 934 2863; baseline -0.006 -14"><span class='ocrx_word' id='word_1_183' title='bbox 153 2794 270 2862; x_wconf 83' lang='lat' dir='ltr'>Laudes,</span> <span class='ocrx_word' id='word_1_184' title='bbox 289 2811 370 2863; x_wconf 90' lang='lat' dir='ltr'>quam</span> <span class='ocrx_word' id='word_1_185' title='bbox 389 2794 522 2847; x_wconf 83' lang='lat' dir='ltr'>Calabrae</span> <span class='ocrx_word' id='word_1_186' title='bbox 541 2793 676 2847; x_wconf 87' lang='lat' dir='ltr'>Pierides:</span> <span class='ocrx_word' id='word_1_187' title='bbox 695 2809 784 2862; x_wconf 89' lang='lat' dir='ltr'>neque</span> <span class='ocrx_word' id='word_1_188' title='bbox 910 2803 934 2844; x_wconf 75' lang='lat' dir='ltr'>ao</span> 
     </span>
     <span class='ocr_line' id='line_1_37' title="bbox 151 2869 717 2938; baseline -0.007 -13"><span class='ocrx_word' id='word_1_189' title='bbox 151 2871 180 2925; x_wconf 82' lang='lat' dir='ltr'>si</span> <span class='ocrx_word' id='word_1_190' title='bbox 198 2870 310 2925; x_wconf 86' lang='lat' dir='ltr'>chartae</span> <span class='ocrx_word' id='word_1_191' title='bbox 323 2871 421 2923; x_wconf 90' lang='lat' dir='ltr'>sileant</span> <span class='ocrx_word' id='word_1_192' title='bbox 439 2869 514 2938; x_wconf 91' lang='lat' dir='ltr'>quod</span> <span class='ocrx_word' id='word_1_193' title='bbox 531 2869 602 2922; x_wconf 91' lang='lat' dir='ltr'>bene</span> <span class='ocrx_word' id='word_1_194' title='bbox 620 2870 717 2922; x_wconf 85' lang='lat' dir='ltr'>feceris</span> 
     </span>
     <span class='ocr_line' id='line_1_38' title="bbox 151 2942 717 3007; baseline -0.011 -6"><span class='ocrx_word' id='word_1_195' title='bbox 151 2946 309 3001; x_wconf 84' lang='lat' dir='ltr'>Mercedem</span> <span class='ocrx_word' id='word_1_196' title='bbox 326 2944 431 2998; x_wconf 85' lang='lat' dir='ltr'>tuleris.</span> <span class='ocrx_word' id='word_1_197' title='bbox 467 2943 540 3007; x_wconf 80' lang='lat' dir='ltr'>Quid</span> <span class='ocrx_word' id='word_1_198' title='bbox 558 2944 631 2996; x_wconf 84' lang='lat' dir='ltr'>foret</span> <span class='ocrx_word' id='word_1_199' title='bbox 649 2942 717 2996; x_wconf 89' lang='lat' dir='ltr'>Iliae</span> 
     </span>
     <span class='ocr_line' id='line_1_39' title="bbox 151 3017 659 3088; baseline -0.02 -11"><span class='ocrx_word' id='word_1_200' title='bbox 151 3021 340 3088; x_wconf 86' lang='lat' dir='ltr'>Mavortisque</span> <span class='ocrx_word' id='word_1_201' title='bbox 357 3035 426 3085; x_wconf 88' lang='lat' dir='ltr'>puer</span> <span class='ocrx_word' id='word_1_202' title='bbox 444 3017 467 3069; x_wconf 88' lang='lat' dir='ltr'>si</span> <span class='ocrx_word' id='word_1_203' title='bbox 484 3018 659 3069; x_wconf 81' lang='lat' dir='ltr'>taciturnitas</span> 
     </span>
     <span class='ocr_line' id='line_1_40' title="bbox 153 3088 663 3151; baseline -0.018 0"><span class='ocrx_word' id='word_1_204' title='bbox 153 3096 285 3151; x_wconf 83' lang='lat' dir='ltr'>Obstaret</span> <span class='ocrx_word' id='word_1_205' title='bbox 302 3092 409 3146; x_wconf 87' lang='lat' dir='ltr'>meritis</span> <span class='ocrx_word' id='word_1_206' title='bbox 426 3090 520 3143; x_wconf 85' lang='lat' dir='ltr'>invida</span> <span class='ocrx_word' id='word_1_207' title='bbox 538 3088 663 3142; x_wconf 76' lang='lat' dir='ltr'>ltomulil</span> 
     </span>
    </p>
   </div>
   <div class='ocr_carea' id='block_1_8' title="bbox 0 0 1018 3409">
    <p class='ocr_par' dir='ltr' id='par_1_8' title="bbox 0 0 1018 3409">
     <span class='ocr_line' id='line_1_41' title="bbox 0 0 1018 3409; baseline 0 0"><span class='ocrx_word' id='word_1_208' title='bbox 0 0 1018 3409; x_wconf 95' lang='lat' dir='ltr'> </span> 
     </span>
    </p>
   </div>
  </div>
 </body>
</html>
