2025 3409
370 80 586 130 SATIRARUM
602 80 640 129 Π.
659 80 681 129 3.
903 74 946 123 141

95 154 178 223 Quod
196 158 269 213 latus
287 163 335 213 aut
353 176 432 213 reues
449 160 546 213 morbo
562 162 706 213 tententur
722 161 807 212 acuto.

93 232 161 285 Non
179 237 222 287 est
237 234 365 302 perjurus
381 251 472 303 neque
489 234 631 300 sordidus;
647 234 769 287 immolet
786 230 880 301 aequis

94 307 154 361 liic
171 326 282 376 porcum
300 309 433 362 Laribus:
450 326 544 363 verum
564 309 723 363 ambitiosus
740 313 769 362 et
786 309 890 372 eudax3
911 321 944 362 ut

93 382 216 451 Naviget
235 384 403 451 Anticyram.
440 384 513 447 Quid
532 384 603 437 enim
621 385 714 438 differt
730 384 895 437 barathrone

94 457 190 511 Dones
208 458 344 527 quidquid
361 460 447 513 habes
464 476 499 512 an
516 475 655 527 uunquam
671 463 751 513 utare
768 460 889 527 parutisl

93 532 208 587 Servius
226 533 362 602 Oppidius
380 535 481 587 Canusi
499 534 554 588 duo
572 535 690 602 praedia,
709 534 786 587 dives

93 610 220 677 Antiqua
238 625 329 676 ceusu,
347 610 438 677 gnatis
455 609 555 662 divisse
575 610 680 661 duobus
976 658 978 663 .

93 682 199 735 Fertur
216 687 245 737 et
263 684 314 737 hoc
330 684 448 737 moriens
465 684 558 751 pueris
577 684 678 737 dixisse
695 684 797 737 voeatis
914 698 946 739 17⁰

93 757 143 811 Ad
162 758 275 812 lectum:
295 759 443 826 Postquam
460 762 490 812 te
506 758 584 825 talos,
603 759 682 825 Aule,
700 774 837 827 nucesque

93 832 182 885 Ferre
199 834 261 886 sinu
278 834 347 899 laxo,
367 834 469 886 donare
486 838 517 887 et
534 833 630 887 ludere
646 833 710 902 ridi,

1 928 6 950 ι
93 908 141 975 Te,
161 908 260 975 Tiberi,
277 925 427 976 numerare,
444 908 517 962 caris
535 908 702 963 abscondere
719 910 826 963 tristem
835 929 842 974 ;

92 983 220 1037 Extimui
237 1001 272 1037 ne
289 1000 337 1036 uos
354 989 448 1051 ageret
465 984 575 1038 vesania
594 983 705 1052 discors,

92 1058 136 1111 'iu
154 1059 363 1125 Nomentanum,
376 1064 408 1112 tu
424 1075 459 1112 ue
477 1074 624 1127 sequerere
642 1058 773 1114 Cicutam.
910 1072 944 1112 17⁵

93 1134 186 1197 Quare
203 1151 254 1202 per
272 1133 348 1186 divos
366 1137 460 1187 oratus
477 1138 595 1202 uterque
614 1133 738 1199 Pontice,

92 1208 136 1262 'iu
154 1226 218 1262 eave
235 1226 271 1261 ne
288 1209 400 1277 minuas,
417 1213 450 1263 tu
467 1226 502 1263 ne
520 1208 609 1276 majus
626 1208 708 1262 iacias
725 1208 755 1261 id

91 1284 176 1349 Quod
192 1286 259 1337 satis
276 1300 336 1337 esse
353 1288 434 1352 putat
451 1290 532 1353 pater
550 1290 578 1338 et
596 1287 694 1337 ustum
711 1287 823 1338 coercet

91 1358 243 1413 Praeterea
260 1376 296 1412 ue
313 1376 360 1411 vos
379 1359 474 1413 titillet
494 1359 587 1413 Gloria
601 1359 666 1426 jure

0 1462 1 1475 κ
88 1435 219 1487 Juruudo
237 1434 403 1501 obstringam
420 1434 516 1488 ambo:
534 1438 597 1486 uter
614 1433 711 1487 aedilis
727 1434 843 1488 fueritve
909 1451 942 1489 ise

89 1509 226 1563 vestrum
244 1514 361 1576 praeter,
379 1510 403 1561 is
420 1508 584 1562 intestabilis
602 1513 631 1563 et
649 1524 725 1563 sacer
742 1514 808 1564 estu.

90 1585 127 1638 In
146 1586 232 1638 cicere
251 1590 335 1652 atque
352 1584 416 1636 fabe
433 1584 504 1637 bona
521 1588 553 1638 tu
571 1584 724 1653 perdasque
741 1584 847 1653 lupinis,

89 1662 180 1715 Latus
197 1660 273 1713 utin
294 1661 372 1713 Circo
391 1659 509 1727 spatiere
528 1664 557 1713 et
575 1664 675 1714 atreus
691 1665 724 1714 ut
741 1664 804 1727 utcu,

88 1734 193 1788 Nudus
210 1735 288 1801 agris
306 1734 397 1786 nudus
414 1735 540 1802 nummis,
557 1735 659 1803 insane,
677 1736 813 1803 putcruis3

89 1810 202 1863 Scilicet
219 1814 252 1862 ut
268 1809 378 1877 plausus
396 1826 464 1877 quus
481 1810 536 1863 fert
555 1810 678 1879 Agrippa
694 1811 766 1864 ierus
783 1816 821 1877 tu,
908 1826 941 1866 let

89 1888 199 1940 Astuta
215 1886 362 1951 ingenuum
380 1884 475 1952 vulpes
492 1884 600 1938 imitata
616 1886 729 1939 leonem.

87 1961 133 2013 ‘N
135 1977 152 2013 e
169 1960 231 2029 quis
249 1960 374 2012 humasse
392 1959 459 2013 velit
477 1960 600 2028 Ajacem,
618 1962 725 2030 Atrida,
743 1965 818 2017 vetas
835 1964 910 2017 curl'

88 2036 170 2088 ‘Rex
187 2036 262 2089 sum?
292 2034 354 2087 ‘Nil
372 2035 445 2088 ultra
462 2053 563 2103 quaero
580 2036 716 2104 plebeius?
746 2038 797 2092 ‘Et
814 2055 926 2107 aequum

88 2111 164 2163 Rem
181 2111 323 2179 imperitu3
341 2126 373 2163 ac
390 2110 413 2163 si
431 2111 474 2163 cui
491 2110 586 2164 videor
602 2127 655 2164 non
668 2111 767 2180 justus,
784 2113 871 2169 inulto

86 2186 190 2240 Dicere
208 2186 283 2255 quod
300 2187 385 2239 sentit
401 2186 546 2253 permitto!
581 2186 716 2241 ‘Maxime
732 2206 836 2257 regum,
906 2208 939 2246 me

86 2262 128 2315 Di
146 2261 198 2314 tibi
216 2262 285 2314 deut
302 2263 381 2328 captu
398 2262 511 2315 classem
530 2260 665 2315 deducere
683 2262 778 2331 Troja!

86 2337 166 2467 ‘licqgo
178 2336 323 2465 lqlon’sul‘eore
341 2336 634 2466 eqmoxhrcsponrlijerlq
649 2338 768 2467 liquiti’
817 2416 834 2468 d

88 2428 452 2543 Puffseid'touesmserddd's
469 2428 715 2555 ddddsaAeiridide
734 2431 815 2470 secun
836 2434 875 2486 us,

86 2563 219 2617 Gaudeat
235 2568 267 2616 ut
285 2563 400 2631 populus
418 2562 519 2615 Priami
538 2563 716 2632 Priamusque
733 2564 882 2625 inhumato,
907 2583 939 2622 ue

87 2638 147 2692 Per
163 2654 245 2706 quem
263 2641 306 2691 tut
318 2637 437 2705 juvenes
454 2638 545 2707 patrio
563 2654 674 2693 caruere
692 2642 813 2707 sepulcre
823 2643 839 2696 i’

88 2713 184 2767 ‘Mille
200 2713 291 2766 evium
309 2712 420 2765 insanus
438 2712 519 2766 morti
537 2712 623 2779 dedit,
641 2714 763 2768 inclitum
782 2716 880 2771 Ulixen

88 2790 128 2844 lit
146 2788 303 2842 Menelaum
320 2804 375 2840 una
391 2804 498 2840 mecum
516 2788 688 2842 seioccidere
705 2790 835 2846 clamans!

87 2866 148 2919 ‘Tu
163 2879 226 2917 eum
243 2879 295 2931 pro
311 2862 397 2915 vitula
414 2863 511 2915 statuis
532 2862 638 2917 dulcem
657 2865 758 2921 Aulide
777 2871 869 2925 natam

89 2942 167 2995 Ante
182 2954 245 2994 aras
264 2938 422 3005 spargisque
439 2938 511 2990 mola
528 2942 616 3005 caput,
634 2938 766 3007 improbe,
785 2944 860 3014 salsa,
903 2962 938 3002 roo

88 3016 206 3071 Rectum
235 3013 319 3065 animi
346 3012 508 3066 servast’-‘
519 3012 653 3086 Quorsum
663 3016 844 3072 i'—‘lnsanus
871 3024 937 3090 quid

158 3090 230 3145 euim
253 3088 324 3154 Ajax
