2025 3409
334 73 589 123 Erls'ronnRUM
606 76 627 125 I.
648 75 671 129 7.
881 76 926 128 167

67 156 107 211 Ει
124 171 215 224 genus
233 157 263 207 et
279 153 395 207 formam
411 154 507 220 regina
525 154 644 208 Pecunia
661 154 753 223 donat,

67 234 113 285 Ac
132 232 206 284 bene
223 232 393 283 nummatum
410 228 523 283 decorat
542 229 661 284 Suadela
678 230 835 298 Venusque.

6 315 12 327 ‘
67 306 218 374 Mancipiis
235 304 355 372 locuples
372 308 437 371 eget
453 305 526 357 aeris
545 305 735 373 Cappadocum
752 322 814 359 rex:

7 337 84 617 l

67 382 95 434 N
96 398 115 437 e
132 381 222 435 fueris
239 380 284 434 hic
300 384 340 434 tu
375 379 538 448 chlamydes
557 378 692 447 Lucullus,
710 384 743 435 ut
759 380 843 447 aiunt,
904 394 926 433 ιι

67 456 98 511 si
115 458 215 525 posset
232 458 342 509 centum
360 471 457 509 scenae
471 454 607 524 praebere
624 458 743 523 rogatus,

68 532 149 597 “Qui
167 548 280 600 possum
296 530 372 585 torr’
391 531 472 595 ait;‘
473 534 584 585 ‘tamen
602 534 632 585 et
652 546 781 600 quaeram
804 534 834 585 et
857 536 925 601 quot

140 606 254 675 habebo

67 683 214 737 Mittam?
232 684 295 751 post
312 681 394 751 paulo
411 681 508 736 scribit
525 680 578 736 sibi
595 682 680 737 millia
697 682 817 752 quinque

68 760 141 812 Itsse
158 758 234 811 domi
250 757 438 826 chlamydum,
453 761 562 826 partom
579 758 624 811 vel
641 758 751 813 tolleret
768 774 867 813 omnes·

68 834 158 887 Exilis
177 833 274 887 domus
292 836 336 887 cst
352 832 401 886 ubi
417 849 473 885 non
489 837 520 887 et
537 833 624 887 multa
641 838 788 902 supersunt
905 850 927 891 ιι

68 910 107 965 nt
126 910 269 963 dominum
285 908 384 963 fallunt
401 913 431 963 et
447 900 566 976 prosunt'
581 908 695 962 furibus
730 908 809 977 Ergo,

69 985 99 1039 Si
118 1003 165 1040 res
184 985 242 1039 sola
258 988 352 1055 potest
367 984 459 1038 facere
477 987 506 1037 et
524 1000 633 1037 servare
650 982 770 1052 beatum,

69 1062 135 1115 Hoc
151 1062 259 1131 primus
276 1063 387 1130 repetas
404 1075 479 1128 opus,
497 1059 550 1113 hoc
567 1064 721 1128 postremus
738 1058 855 1115 omittas

69 1137 100 1191 Si
117 1138 290 1191 fortunatum
308 1136 413 1205 species
430 1138 461 1189 et
477 1135 567 1203 gratia
583 1138 714 1204 praestat,

69 1212 230 1266 Mercemur
247 1227 355 1265 servum
373 1209 421 1280 qui
438 1210 527 1265 dictet
543 1210 659 1278 nomina,
677 1210 784 1265 laevum
899 1229 923 1269 ω

70 1287 126 1352 Qui
143 1288 247 1341 fodicet
264 1287 338 1341 latus
355 1290 386 1341 et
402 1290 483 1355 cogat
499 1290 579 1340 trans
595 1286 718 1357 pondera
735 1286 860 1339 dextram

74 1363 227 1432 Porrigcre.
262 1362 338 1416 “Hic
355 1361 471 1416 multum
489 1361 519 1415 in
537 1358 623 1417 rabia
640 1360 721 1429 valet,
739 1361 786 1415 ille
804 1361 917 1427 Velina;

6 1444 11 1449 “
71 1438 124 1493 cui
142 1438 273 1501 libetlric
289 1437 376 1491 fasces
393 1436 472 1490 dabit
489 1438 645 1507 eripietque
662 1436 756 1491 cunila

71 1514 124 1569 Cui
141 1514 216 1569 volet
233 1515 405 1582 importunus
422 1512 513 1566 ebur.”
548 1513 654 1579 Frater,
673 1513 764 1580 Pater,
782 1512 869 1581 adde;

71 1589 114 1644 Ut
131 1589 230 1657 cuique
248 1597 291 1643 est
308 1592 385 1643 aetas
401 1587 441 1642 ita
458 1604 596 1658 quemque
613 1590 718 1643 facetus
735 1588 843 1659 adopta
897 1608 923 1650 cc

7 1726 10 1732 ,
72 1665 102 1719 Si
119 1664 192 1719 bene
209 1664 257 1733 qui
274 1667 372 1717 coenat
389 1662 461 1717 bene
478 1663 553 1730 vivit,
571 1664 652 1733 lucet,
670 1680 764 1719 camus

73 1742 134 1806 Quo
152 1740 230 1794 ducit
247 1739 325 1808 gula3
341 1738 486 1808 piscamur,
498 1756 636 1807 venemur,
655 1743 687 1794 ut
705 1740 769 1795 olim

73 1816 220 1884 Gargilius,
238 1815 286 1884 qui
303 1832 383 1869 mano
400 1815 501 1884 plagas,
520 1815 660 1883 venabula,
679 1832 772 1870 servos

73 1891 356 1961 Diffcrtumtransiro
372 1891 461 1943 forum
478 1891 663 1961 populumque
677 1890 802 1960 jubebat,
822 1948 825 1953 ,
844 1941 848 1947 .

73 1968 153 2023 Unus
170 1971 203 2022 ιιι
221 1984 237 2021 e
255 1966 348 2021 multis
365 1966 466 2035 populo
487 1970 629 2034 spectante
646 1968 764 2022 referret
901 1982 925 2023 oo

74 2044 207 2113 Emptum
225 2043 315 2096 mulus
332 2058 436 2111 aprum.
472 2042 558 2095 Orudi
575 2042 730 2111 tumidique
748 2044 874 2103 lavemur.

75 2119 149 2183 Quid
166 2119 271 2184 deceat,
288 2117 356 2187 quid
372 2134 434 2185 non,
452 2116 538 2184 obliti,
558 2117 666 2173 Caerite
683 2135 746 2173 cera

74 2195 165 2263 Digni,
182 2194 326 2263 remigium
344 2193 472 2247 vitiosum
491 2193 644 2247 Ithacensis
661 2194 759 2263 Ulixei,

8 2295 14 2340 ,-
75 2270 127 2325 Oui
143 2271 234 2339 potior
250 2269 340 2339 patria
356 2268 409 2322 fuit
427 2268 576 2323 interdicta
593 2269 724 2338 voluptas

7 2354 19 2836 l

3 2813 18 3348 l

75 2346 112 2413 Si,
131 2345 311 2399 Mimnermus
327 2344 369 2398 uti
387 2346 488 2410 censet,
506 2343 566 2399 sine
584 2360 700 2413 amoreJ
688 2346 813 2415 Jocisque
901 2362 926 2403 tt

75 2421 123 2475 Nil
140 2425 184 2475 est
196 2420 357 2489 jucundum,
374 2420 449 2473 vivas
465 2419 495 2472 in
515 2434 633 2488 amoreJ
621 2420 752 2491 J'ocisque

7 2560 12 2572 Ι
75 2497 153 2564 Vive,
171 2496 238 2565 vqle.
274 2496 303 2549 Si
320 2494 389 2564 quid
405 2493 505 2549 novisti
523 2495 678 2551 rectinet
641 2500 678 2551 ιιι
679 2497 702 2551 is

77 2571 218 2629 (laudidus
234 2571 362 2641 imperti3
379 2570 403 2623 si
420 2586 476 2625 non
491 2569 536 2625 his
552 2573 631 2625 utero
648 2587 760 2627 mecum.

466 2712 536 2769 VII·

79 2798 208 2864 vasoon
225 2796 285 2850 dies
302 2795 354 2850 tibi
371 2793 510 2864 pollicitus
526 2812 571 2850 me
587 2812 652 2849 rure
668 2796 797 2868 futurum,

78 2874 208 2929 Sextilem
225 2874 316 2926 totum
334 2870 453 2925 mendax
470 2870 619 2926 desideror
656 2872 743 2941 Atqui

79 2950 107 3005 si
122 2966 168 3003 me
184 2948 278 3002 vivere
295 2947 337 3001 vis
354 2963 449 3001 sanum
467 2950 527 3000 rect
528 2962 597 3015 eque
614 2946 757 3016 valentem,

80 3026 163 3092 Quam
179 3023 249 3077 mihi
267 3023 318 3076 dae
334 3038 417 3090 aegro
434 3021 513 3074 dabis
530 3026 671 3107 aegrotare
688 3024 804 3089 timenti,

79 3100 227 3168 Maecenas,
244 3100 359 3165 veniam,
377 3096 443 3150 dum
461 3092 529 3149 ficus
546 3096 633 3163 prima
650 3096 777 3167 calorque
911 3111 926 3155 t
