2025 3409
384 88 450 137 ARS
465 85 629 137 Porinos.
807 88 810 95 '
876 86 923 133 20³

70 166 166 220 Primo
182 182 218 221 ne
234 166 364 232 medium,
382 164 474 218 medio
492 182 528 219 nc
547 166 685 235 discrepet
696 165 788 219 imum.

70 240 115 293 'lu
132 239 200 309 quid
217 257 270 308 ego
288 243 318 294 et
334 239 451 310 populus
468 256 576 294 mecum
595 240 736 295 desideret
752 240 829 295 audi:

72 315 103 369 Si
121 316 255 384 plausoris
272 332 338 383 eges
356 314 452 369 aulaea
469 315 606 369 manentis
623 318 654 369 et
671 332 757 384 usque

71 390 181 445 Sessuri
197 390 284 445 donec
302 394 397 445 cantor
414 390 484 445 ‘Vos
501 390 636 459 plaudite'
656 390 738 455 dicat,
891 404 929 455 155Ἰ

72 466 186 521 Aetatis
203 466 336 535 cujusque
353 466 466 520 notandi
484 471 549 519 sunt
565 465 617 520 tibi
635 482 731 533 mores,

72 541 278 611 Mobilibnsque
295 542 377 595 decor
393 542 500 596 naturis
519 541 626 595 dandus
645 545 674 596 et
689 542 773 597 annis.

73 617 205 672 Reddere
222 617 270 685 qni
287 633 367 671 voces
382 617 441 685 jam
459 617 513 671 scit
530 633 599 687 puer
617 620 647 671 et
665 617 736 686 pede
754 621 829 671 corto

73 693 172 761 Signat
188 692 309 760 humum,
328 693 413 760 gestit
430 691 543 761 paribus
560 692 707 761 colludere,
725 696 755 747 ct
773 694 842 747 iram

72 768 187 836 Colligit
203 784 237 823 ac
253 768 331 837 ponit
349 772 461 836 temere,
478 772 509 822 et
527 770 651 821 mutatur
668 768 697 821 in
716 768 802 822 borea
892 783 924 822 iso

72 843 223 897 Imberbus
235 843 344 911 juvenis
362 843 474 897 tandem
492 843 608 897 custode
625 847 731 897 remoto

72 920 187 976 Gaudet
204 919 282 987 equis
299 919 466 987 canibusque
484 922 515 973 et
532 918 617 987 aprici
634 919 757 987 gramine
775 920 870 988 campi,

72 995 179 1049 Cereus
195 995 224 1048 in
242 994 337 1048 vitium
355 994 437 1061 flecti,
454 993 635 1049 monitoribus
653 1010 742 1063 asper,-

72 1070 193 1124 Utilium
211 1070 308 1124 tardus
324 1070 453 1139 provisor,
469 1070 601 1139 prodigus
618 1070 696 1139 aeris,

72 1145 204 1201 Sublimis
221 1145 389 1215 cupidusque
406 1149 437 1199 et
454 1148 546 1199 amata
563 1145 718 1214 relinquere
734 1148 838 1215 pernix.
890 1161 923 1201 roc

72 1220 220 1276 Conversis
238 1221 337 1275 studiis
354 1224 430 1275 aetas
447 1221 608 1289 animusque
626 1221 711 1275 virilis

72 1296 190 1361 Quaerit
208 1312 274 1366 opes
290 1300 321 1350 et
336 1296 478 1364 amicitias,
494 1296 611 1351 inservit
627 1297 730 1365 honori,

72 1371 249 1427 Commisisse
266 1377 345 1427 cavet
362 1373 437 1440 quod
454 1388 518 1426 mox
535 1376 643 1427 mutere
660 1371 773 1429 laboret.

71 1447 165 1501 Multo
181 1464 274 1503 senem
290 1449 504 1503 circumveniunt
521 1447 697 1517 incommoda,
715 1450 758 1504 vel
775 1450 848 1517 quod

19 1546 23 1559 ·
71 1522 190 1586 Quaerit
207 1527 237 1579 et
253 1522 371 1579 inventis
388 1524 472 1577 miser
488 1523 610 1578 abstinet
626 1541 658 1579 ac
674 1526 756 1580 timet
772 1526 821 1594 uti,
890 1541 922 1581 iro

71 1597 128 1651 Vel
145 1599 220 1668 qnod
236 1615 282 1653 res
300 1615 393 1654 omnes
410 1597 508 1653 timide
527 1599 672 1669 gelideque
689 1602 830 1669 ministrat,

71 1673 191 1742 Dilator,
206 1690 256 1743 spe
272 1674 375 1743 longus,
393 1673 473 1740 iners,
490 1675 641 1744 avidusque
659 1677 753 1747 futuri,

0 1772 1 1776 ¹
71 1748 205 1817 Difficilis,
223 1751 360 1819 querulus,
376 1749 503 1804 laudator
520 1752 652 1819 temporis
669 1752 723 1806 acti

70 1826 110 1879 Se
127 1842 219 1895 puero,
237 1827 385 1894 castigator
400 1842 551 1895 censorque
568 1826 709 1881 minorum.

70 1901 165 1957 Multa
180 1902 272 1956 ferunt
289 1903 353 1956 anni
369 1902 511 1956 venientes
529 1903 670 1957 commoda
685 1920 783 1973 secum,
888 1916 921 1957 rra

70 1977 164 2031 Multa
181 1978 341 2032 recedentes
357 1978 490 2031 adimunt,
525 1977 552 2031 N
554 1995 569 2032 e
586 1978 658 2034 forto
676 1978 775 2033 seniles

69 2052 241 2107 Mandentur
253 2053 351 2121 juveni
368 2057 461 2122 partes
478 2069 618 2123 pueroque
636 2054 734 2121 viriles,

69 2129 188 2198 Semper
204 2129 233 2182 in
250 2128 389 2197 adjunctis
406 2144 528 2197 aevoque
545 2128 711 2184 morabimur
729 2130 806 2197 aptis

68 2204 134 2258 Aut
151 2204 242 2271 agitur
258 2220 304 2258 res
320 2204 350 2257 in
367 2204 455 2258 scenis
473 2208 522 2258 ant
539 2207 601 2258 acta
617 2205 742 2259 refertur.

68 2278 189 2348 Segnius
205 2279 317 2333 irritant
333 2278 438 2333 animos
455 2278 574 2333 demissa
591 2296 641 2349 per
658 2297 759 2349 aurem,
889 2298 921 2336 rso

68 2354 163 2419 Quam
179 2371 250 2424 quae
267 2358 333 2414 sunt
349 2354 434 2409 oculis
452 2354 577 2423 subjecta
593 2354 728 2424 fidelibus,
746 2359 775 2409 et
793 2372 863 2425 quae

69 2432 140 2499 Ipse
157 2430 209 2485 sibi
226 2430 314 2486 tradit
331 2434 483 2500 spectator:
507 2446 562 2485 non
580 2434 672 2485 tamen
690 2432 764 2485 intus

68 2505 165 2575 Digna
180 2507 241 2574 geri
257 2522 366 2577 promes
382 2507 411 2562 iu
428 2522 545 2573 scenam,
563 2506 703 2575 multaque
720 2506 801 2560 tolles

68 2582 115 2636 Ex
132 2582 217 2635 oculis
235 2598 305 2651 quae
322 2598 386 2636 mox
403 2585 498 2635 narret
514 2580 643 2635 facundia
659 2598 794 2650 praesens

67 2658 99 2712 N
100 2673 116 2711 e
133 2674 233 2726 pueros
250 2674 341 2712 coram
358 2657 458 2727 populo
476 2656 577 2711 Medea
593 2657 721 2725 trucidet,
885 2674 917 2714 185

68 2735 133 2787 Aut
149 2731 268 2787 humana
284 2733 375 2801 palam
392 2735 491 2801 coquat
510 2736 574 2786 exta
591 2732 710 2785 nefarius
729 2734 842 2801 Atreus,

68 2812 134 2863 Ant
148 2808 179 2861 in
196 2825 274 2863 avem
292 2809 397 2863 Procne
413 2812 546 2876 vertatur,
565 2807 685 2863 Cadmus
703 2808 731 2862 in
750 2825 874 2877 anguem.

68 2882 260 2953 Quodcunque
277 2884 399 2939 ostendis
416 2883 483 2937 mihi
500 2884 539 2938 sic
556 2883 712 2939 incredulus
730 2884 783 2941 odi.

68 2958 150 3014 Neve
167 2960 255 3013 minor
271 2976 326 3013 neu
342 2960 379 3013 sit
397 2960 492 3028 quinto
509 2959 669 3029 productior
686 2963 750 3014 ectu

68 3033 184 3099 Fabula,
202 3051 273 3103 quae
289 3035 365 3105 posci
381 3035 441 3088 vult
456 3037 486 3088 et
502 3038 626 3103 spectata
642 3036 755 3104 reponi;
888 3050 920 3091 ico

67 3110 132 3166 Nec
149 3108 219 3164 deus
235 3110 345 3165 intersit
362 3109 415 3163 nisi
432 3109 532 3177 dignus
549 3109 655 3164 vindice
672 3110 759 3165 nodus

103 3182 135 3231 17
