<?xml version="1.0" encoding="UTF-8"?>
<!DOCTYPE html PUBLIC "-//W3C//DTD XHTML 1.0 Transitional//EN"
    "http://www.w3.org/TR/xhtml1/DTD/xhtml1-transitional.dtd">
<html xmlns="http://www.w3.org/1999/xhtml" xml:lang="en" lang="en">
 <head>
  <title>
</title>
<meta http-equiv="Content-Type" content="text/html;charset=utf-8" />
  <meta name='ocr-system' content='tesseract 3.04.00' />
  <meta name='ocr-capabilities' content='ocr_page ocr_carea ocr_par ocr_line ocrx_word'/>
</head>
<body>
  <div class='ocr_page' id='page_1' title='image "./quintihoratiifl02maclgoog_0184.png"; bbox 0 0 2025 3409; ppageno 0'>
   <div class='ocr_carea' id='block_1_1' title="bbox 65 20 639 75">
    <p class='ocr_par' dir='ltr' id='par_1_1' title="bbox 65 20 639 75">
     <span class='ocr_line' id='line_1_1' title="bbox 65 20 639 75; baseline -0.002 -2"><span class='ocrx_word' id='word_1_1' title='bbox 65 22 111 75; x_wconf 77' lang='lat' dir='ltr'><strong>lto</strong></span> <span class='ocrx_word' id='word_1_2' title='bbox 338 20 492 73; x_wconf 73' lang='lat' dir='ltr'><strong>nonam</strong></span> <span class='ocrx_word' id='word_1_3' title='bbox 510 24 639 72; x_wconf 74' lang='lat' dir='ltr'><strong>nnaecl</strong></span> 
     </span>
    </p>
   </div>
   <div class='ocr_carea' id='block_1_2' title="bbox 63 103 923 774">
    <p class='ocr_par' dir='ltr' id='par_1_2' title="bbox 64 103 791 173">
     <span class='ocr_line' id='line_1_2' title="bbox 64 103 791 173; baseline 0.004 -17"><span class='ocrx_word' id='word_1_4' title='bbox 64 104 168 157; x_wconf 82' lang='lat' dir='ltr'><strong>chm</strong></span> <span class='ocrx_word' id='word_1_5' title='bbox 185 103 233 155; x_wconf 93' lang='lat' dir='ltr'><strong>ubi</strong></span> <span class='ocrx_word' id='word_1_6' title='bbox 250 119 314 157; x_wconf 84' lang='lat' dir='ltr'><strong>oves</strong></span> <span class='ocrx_word' id='word_1_7' title='bbox 331 103 412 169; x_wconf 87' lang='lat' dir='ltr'><strong>furto,</strong></span> <span class='ocrx_word' id='word_1_8' title='bbox 429 103 524 157; x_wconf 87' lang='lat' dir='ltr'><strong>morbo</strong></span> <span class='ocrx_word' id='word_1_9' title='bbox 541 104 645 171; x_wconf 86' lang='lat' dir='ltr'><strong>periere</strong></span> <span class='ocrx_word' id='word_1_10' title='bbox 664 103 791 173; x_wconf 73' lang='lat' dir='ltr'>capellae,</span> 
     </span>
    </p>

    <p class='ocr_par' dir='ltr' id='par_1_3' title="bbox 64 177 763 247">
     <span class='ocr_line' id='line_1_3' title="bbox 64 177 763 247; baseline -0.001 -15"><span class='ocrx_word' id='word_1_11' title='bbox 64 178 146 247; x_wconf 86' lang='lat' dir='ltr'><strong>Spem</strong></span> <span class='ocrx_word' id='word_1_12' title='bbox 163 178 278 232; x_wconf 87' lang='lat' dir='ltr'><strong>mentita</strong></span> <span class='ocrx_word' id='word_1_13' title='bbox 295 194 380 245; x_wconf 81' lang='lat' dir='ltr'><strong>seges,</strong></span> <span class='ocrx_word' id='word_1_14' title='bbox 396 177 448 232; x_wconf 88' lang='lat' dir='ltr'><strong>bos</strong></span> <span class='ocrx_word' id='word_1_15' title='bbox 464 182 508 232; x_wconf 90' lang='lat' dir='ltr'><strong>est</strong></span> <span class='ocrx_word' id='word_1_16' title='bbox 525 180 636 233; x_wconf 79' lang='lat' dir='ltr'><strong>enectus</strong></span> <span class='ocrx_word' id='word_1_17' title='bbox 654 179 763 244; x_wconf 78' lang='lat' dir='ltr'><strong>arando,</strong></span> 
     </span>
    </p>

    <p class='ocr_par' dir='ltr' id='par_1_4' title="bbox 64 252 720 307">
     <span class='ocr_line' id='line_1_4' title="bbox 64 252 720 307; baseline 0.003 -2"><span class='ocrx_word' id='word_1_18' title='bbox 64 252 189 307; x_wconf 83' lang='lat' dir='ltr'><strong>Offensus</strong></span> <span class='ocrx_word' id='word_1_19' title='bbox 205 253 312 306; x_wconf 87' lang='lat' dir='ltr'><strong>domnis</strong></span> <span class='ocrx_word' id='word_1_20' title='bbox 329 252 421 307; x_wconf 88' lang='lat' dir='ltr'><strong>media</strong></span> <span class='ocrx_word' id='word_1_21' title='bbox 437 253 474 307; x_wconf 92' lang='lat' dir='ltr'><strong>de</strong></span> <span class='ocrx_word' id='word_1_22' title='bbox 490 256 571 307; x_wconf 91' lang='lat' dir='ltr'><strong>nocte</strong></span> <span class='ocrx_word' id='word_1_23' title='bbox 587 252 720 307; x_wconf 77' lang='lat' dir='ltr'><strong>caballum</strong></span> 
     </span>
    </p>

    <p class='ocr_par' dir='ltr' id='par_1_5' title="bbox 65 327 735 397">
     <span class='ocr_line' id='line_1_5' title="bbox 65 327 735 397; baseline 0.003 -16"><span class='ocrx_word' id='word_1_24' title='bbox 65 328 174 397; x_wconf 82' lang='lat' dir='ltr'><strong>Arripit</strong></span> <span class='ocrx_word' id='word_1_25' title='bbox 190 328 331 396; x_wconf 88' lang='lat' dir='ltr'><strong>iratusque</strong></span> <span class='ocrx_word' id='word_1_26' title='bbox 349 327 467 397; x_wconf 89' lang='lat' dir='ltr'><strong>Philippi</strong></span> <span class='ocrx_word' id='word_1_27' title='bbox 485 327 575 382; x_wconf 85' lang='lat' dir='ltr'><strong>tendit</strong></span> <span class='ocrx_word' id='word_1_28' title='bbox 592 328 629 381; x_wconf 88' lang='lat' dir='ltr'><strong>ad</strong></span> <span class='ocrx_word' id='word_1_29' title='bbox 645 329 735 383; x_wconf 86' lang='lat' dir='ltr'><strong>aedes.</strong></span> 
     </span>
    </p>

    <p class='ocr_par' dir='ltr' id='par_1_6' title="bbox 64 402 923 548">
     <span class='ocr_line' id='line_1_6' title="bbox 64 402 923 473; baseline 0.01 -18"><span class='ocrx_word' id='word_1_30' title='bbox 64 402 152 467; x_wconf 82' lang='lat' dir='ltr'><strong>Quem</strong></span> <span class='ocrx_word' id='word_1_31' title='bbox 163 403 243 456; x_wconf 85' lang='lat' dir='ltr'><strong>simul</strong></span> <span class='ocrx_word' id='word_1_32' title='bbox 254 402 382 470; x_wconf 83' lang='lat' dir='ltr'><strong>adspexit</strong></span> <span class='ocrx_word' id='word_1_33' title='bbox 390 403 516 457; x_wconf 83' lang='lat' dir='ltr'><strong>scabrum</strong></span> <span class='ocrx_word' id='word_1_34' title='bbox 524 404 717 473; x_wconf 86' lang='lat' dir='ltr'><strong>iutousumque</strong></span> <span class='ocrx_word' id='word_1_35' title='bbox 726 404 881 473; x_wconf 88' lang='lat' dir='ltr'><strong>Philippus,</strong></span> <span class='ocrx_word' id='word_1_36' title='bbox 894 426 923 464; x_wconf 83' lang='lat' dir='ltr'><strong>so</strong></span> 
     </span>
     <span class='ocr_line' id='line_1_7' title="bbox 64 477 824 548; baseline 0.004 -17"><span class='ocrx_word' id='word_1_37' title='bbox 64 478 203 545; x_wconf 75' lang='lat' dir='ltr'><strong>“Darna&#39;&#39;</strong></span> <span class='ocrx_word' id='word_1_38' title='bbox 220 477 268 546; x_wconf 81' lang='lat' dir='ltr'><strong>alt,</strong></span> <span class='ocrx_word' id='word_1_39' title='bbox 286 478 410 545; x_wconf 83' lang='lat' dir='ltr'><strong>“Voltci,</strong></span> <span class='ocrx_word' id='word_1_40' title='bbox 427 479 509 532; x_wconf 92' lang='lat' dir='ltr'><strong>nimis</strong></span> <span class='ocrx_word' id='word_1_41' title='bbox 526 482 704 548; x_wconf 77' lang='lat' dir='ltr'><strong>attentusque</strong></span> <span class='ocrx_word' id='word_1_42' title='bbox 721 477 824 534; x_wconf 84' lang='lat' dir='ltr'><strong>videris</strong></span> 
     </span>
    </p>

    <p class='ocr_par' dir='ltr' id='par_1_7' title="bbox 64 553 834 623">
     <span class='ocr_line' id='line_1_8' title="bbox 64 553 834 623; baseline 0.004 -17"><span class='ocrx_word' id='word_1_43' title='bbox 64 553 132 608; x_wconf 83' lang='lat' dir='ltr'><strong>lissa</strong></span> <span class='ocrx_word' id='word_1_44' title='bbox 148 553 237 608; x_wconf 87' lang='lat' dir='ltr'><strong>mihi.’&#39;</strong></span> <span class='ocrx_word' id='word_1_45' title='bbox 266 553 401 607; x_wconf 80' lang='lat' dir='ltr'><strong>“Polme</strong></span> <span class='ocrx_word' id='word_1_46' title='bbox 419 554 557 622; x_wconf 85' lang='lat' dir='ltr'><strong>miserum,</strong></span> <span class='ocrx_word' id='word_1_47' title='bbox 575 557 698 623; x_wconf 83' lang='lat' dir='ltr'><strong>patrone,</strong></span> <span class='ocrx_word' id='word_1_48' title='bbox 716 570 834 623; x_wconf 87' lang='lat' dir='ltr'><strong>vocares,</strong></span> 
     </span>
    </p>

    <p class='ocr_par' dir='ltr' id='par_1_8' title="bbox 63 628 798 699">
     <span class='ocr_line' id='line_1_9' title="bbox 63 628 798 699; baseline 0.001 -17"><span class='ocrx_word' id='word_1_49' title='bbox 63 628 93 683; x_wconf 83' lang='lat' dir='ltr'><strong>Si</strong></span> <span class='ocrx_word' id='word_1_50' title='bbox 109 629 214 697; x_wconf 83' lang='lat' dir='ltr'><strong>velles,”</strong></span> <span class='ocrx_word' id='word_1_51' title='bbox 230 628 328 699; x_wconf 78' lang='lat' dir='ltr'><strong>lnquit,</strong></span> <span class='ocrx_word' id='word_1_52' title='bbox 346 629 463 683; x_wconf 86' lang='lat' dir='ltr'><strong>“verum</strong></span> <span class='ocrx_word' id='word_1_53' title='bbox 480 628 548 683; x_wconf 92' lang='lat' dir='ltr'><strong>mihi</strong></span> <span class='ocrx_word' id='word_1_54' title='bbox 565 646 667 697; x_wconf 89' lang='lat' dir='ltr'><strong>ponere</strong></span> <span class='ocrx_word' id='word_1_55' title='bbox 684 634 798 683; x_wconf 90' lang='lat' dir='ltr'><strong>nomen!</strong></span> 
     </span>
    </p>

    <p class='ocr_par' dir='ltr' id='par_1_9' title="bbox 64 704 870 774">
     <span class='ocr_line' id='line_1_10' title="bbox 64 704 870 774; baseline 0.001 -16"><span class='ocrx_word' id='word_1_56' title='bbox 64 704 144 769; x_wconf 86' lang='lat' dir='ltr'><strong>Quod</strong></span> <span class='ocrx_word' id='word_1_57' title='bbox 160 708 190 759; x_wconf 90' lang='lat' dir='ltr'><strong>te</strong></span> <span class='ocrx_word' id='word_1_58' title='bbox 206 720 256 773; x_wconf 86' lang='lat' dir='ltr'><strong>per</strong></span> <span class='ocrx_word' id='word_1_59' title='bbox 274 704 391 759; x_wconf 81' lang='lat' dir='ltr'><strong>Genium</strong></span> <span class='ocrx_word' id='word_1_60' title='bbox 409 704 591 774; x_wconf 86' lang='lat' dir='ltr'><strong>dextramque</strong></span> <span class='ocrx_word' id='word_1_61' title='bbox 608 704 728 773; x_wconf 90' lang='lat' dir='ltr'><strong>deosque</strong></span> <span class='ocrx_word' id='word_1_62' title='bbox 747 706 870 759; x_wconf 81' lang='lat' dir='ltr'><strong>Penates</strong></span> 
     </span>
    </p>
   </div>
   <div class='ocr_carea' id='block_1_3' title="bbox 63 778 999 850">
    <p class='ocr_par' dir='ltr' id='par_1_10' title="bbox 63 778 999 850">
     <span class='ocr_line' id='line_1_11' title="bbox 63 778 999 850; baseline 0.004 -18"><span class='ocrx_word' id='word_1_63' title='bbox 63 779 183 835; x_wconf 83' lang='lat' dir='ltr'><strong>Obsecro</strong></span> <span class='ocrx_word' id='word_1_64' title='bbox 200 784 230 833; x_wconf 91' lang='lat' dir='ltr'><strong>et</strong></span> <span class='ocrx_word' id='word_1_65' title='bbox 246 778 375 847; x_wconf 88' lang='lat' dir='ltr'><strong>obtestor,</strong></span> <span class='ocrx_word' id='word_1_66' title='bbox 393 779 467 833; x_wconf 83' lang='lat' dir='ltr'><strong>vitae</strong></span> <span class='ocrx_word' id='word_1_67' title='bbox 484 796 529 834; x_wconf 91' lang='lat' dir='ltr'><strong>me</strong></span> <span class='ocrx_word' id='word_1_68' title='bbox 547 778 633 833; x_wconf 88' lang='lat' dir='ltr'><strong>redde</strong></span> <span class='ocrx_word' id='word_1_69' title='bbox 650 780 756 850; x_wconf 88' lang='lat' dir='ltr'><strong>priori.”</strong></span> <span class='ocrx_word' id='word_1_70' title='bbox 895 796 923 836; x_wconf 74' lang='lat' dir='ltr'><strong>as</strong></span> <span class='ocrx_word' id='word_1_71' title='bbox 998 827 999 845; x_wconf 35' lang='lat' dir='ltr'><strong>p</strong></span> 
     </span>
    </p>
   </div>
   <div class='ocr_carea' id='block_1_4' title="bbox 62 853 1002 1095">
    <p class='ocr_par' dir='ltr' id='par_1_11' title="bbox 62 853 1002 1095">
     <span class='ocr_line' id='line_1_12' title="bbox 63 853 753 923; baseline 0 -14"><span class='ocrx_word' id='word_1_72' title='bbox 63 854 117 919; x_wconf 89' lang='lat' dir='ltr'><strong>Qui</strong></span> <span class='ocrx_word' id='word_1_73' title='bbox 133 855 218 909; x_wconf 88' lang='lat' dir='ltr'><strong>semel</strong></span> <span class='ocrx_word' id='word_1_74' title='bbox 235 853 361 923; x_wconf 77' lang='lat' dir='ltr'><strong>adspexit</strong></span> <span class='ocrx_word' id='word_1_75' title='bbox 378 857 510 922; x_wconf 85' lang='lat' dir='ltr'><strong>qnantum</strong></span> <span class='ocrx_word' id='word_1_76' title='bbox 528 854 640 909; x_wconf 77' lang='lat' dir='ltr'><strong>dImissa</strong></span> <span class='ocrx_word' id='word_1_77' title='bbox 657 854 753 923; x_wconf 89' lang='lat' dir='ltr'><strong>petitis</strong></span> 
     </span>
     <span class='ocr_line' id='line_1_13' title="bbox 63 928 754 998; baseline 0.001 -15"><span class='ocrx_word' id='word_1_78' title='bbox 63 930 217 998; x_wconf 79' lang='lat' dir='ltr'><strong>Praestent,</strong></span> <span class='ocrx_word' id='word_1_79' title='bbox 234 932 339 983; x_wconf 83' lang='lat' dir='ltr'><strong>mature</strong></span> <span class='ocrx_word' id='word_1_80' title='bbox 357 928 453 983; x_wconf 86' lang='lat' dir='ltr'><strong>redcat</strong></span> <span class='ocrx_word' id='word_1_81' title='bbox 470 933 634 998; x_wconf 83' lang='lat' dir='ltr'><strong>repetatque</strong></span> <span class='ocrx_word' id='word_1_82' title='bbox 651 930 754 984; x_wconf 81' lang='lat' dir='ltr'><strong>relicta</strong></span> 
     </span>
     <span class='ocr_line' id='line_1_14' title="bbox 62 987 1002 1095; baseline -0.004 -34"><span class='ocrx_word' id='word_1_83' title='bbox 62 1006 157 1061; x_wconf 87' lang='lat' dir='ltr'><strong>Metiri</strong></span> <span class='ocrx_word' id='word_1_84' title='bbox 174 1022 205 1060; x_wconf 87' lang='lat' dir='ltr'><strong>se</strong></span> <span class='ocrx_word' id='word_1_85' title='bbox 221 1021 357 1075; x_wconf 88' lang='lat' dir='ltr'><strong>quemque</strong></span> <span class='ocrx_word' id='word_1_86' title='bbox 374 1020 423 1059; x_wconf 88' lang='lat' dir='ltr'><strong>suo</strong></span> <span class='ocrx_word' id='word_1_87' title='bbox 441 1004 550 1059; x_wconf 89' lang='lat' dir='ltr'><strong>modulo</strong></span> <span class='ocrx_word' id='word_1_88' title='bbox 568 1021 600 1059; x_wconf 86' lang='lat' dir='ltr'><strong>ac</strong></span> <span class='ocrx_word' id='word_1_89' title='bbox 616 1004 688 1074; x_wconf 88' lang='lat' dir='ltr'><strong>pede</strong></span> <span class='ocrx_word' id='word_1_90' title='bbox 706 1022 799 1060; x_wconf 87' lang='lat' dir='ltr'><strong>verum</strong></span> <span class='ocrx_word' id='word_1_91' title='bbox 817 1010 885 1095; x_wconf 52' lang='lat' dir='ltr'><strong>est&gt;</strong></span> <span class='ocrx_word' id='word_1_92' title='bbox 897 987 919 1063; x_wconf 60' lang='lat'><strong>„¹</strong></span> <span class='ocrx_word' id='word_1_93' title='bbox 1001 1017 1002 1025; x_wconf 57' lang='lat'>¹</span> 
     </span>
    </p>
   </div>
   <div class='ocr_carea' id='block_1_5' title="bbox 443 1148 528 1203">
    <p class='ocr_par' dir='ltr' id='par_1_12' title="bbox 443 1148 528 1203">
     <span class='ocr_line' id='line_1_15' title="bbox 443 1148 528 1203; baseline 0.024 -2"><span class='ocrx_word' id='word_1_94' title='bbox 443 1148 528 1203; x_wconf 87' lang='lat' dir='ltr'><strong>VIII.</strong></span> 
     </span>
    </p>
   </div>
   <div class='ocr_carea' id='block_1_6' title="bbox 58 1231 974 2502">
    <p class='ocr_par' dir='ltr' id='par_1_13' title="bbox 62 1231 800 1302">
     <span class='ocr_line' id='line_1_16' title="bbox 62 1231 800 1302; baseline -0.004 -13"><span class='ocrx_word' id='word_1_95' title='bbox 62 1234 153 1289; x_wconf 77' lang='lat' dir='ltr'><strong>eraso</strong></span> <span class='ocrx_word' id='word_1_96' title='bbox 169 1233 289 1302; x_wconf 84' lang='lat' dir='ltr'><strong>gaudere</strong></span> <span class='ocrx_word' id='word_1_97' title='bbox 306 1236 337 1287; x_wconf 90' lang='lat' dir='ltr'><strong>et</strong></span> <span class='ocrx_word' id='word_1_98' title='bbox 352 1231 422 1285; x_wconf 90' lang='lat' dir='ltr'><strong>bene</strong></span> <span class='ocrx_word' id='word_1_99' title='bbox 440 1248 498 1285; x_wconf 88' lang='lat' dir='ltr'><strong>rem</strong></span> <span class='ocrx_word' id='word_1_100' title='bbox 516 1248 613 1299; x_wconf 82' lang='lat' dir='ltr'><strong>gerere</strong></span> <span class='ocrx_word' id='word_1_101' title='bbox 632 1232 800 1287; x_wconf 78' lang='lat' dir='ltr'><strong>AlbInovane</strong></span> 
     </span>
    </p>

    <p class='ocr_par' dir='ltr' id='par_1_14' title="bbox 61 1307 803 1377">
     <span class='ocr_line' id='line_1_17' title="bbox 61 1307 803 1377; baseline -0.004 -14"><span class='ocrx_word' id='word_1_102' title='bbox 61 1308 143 1363; x_wconf 87' lang='lat' dir='ltr'><strong>Musa</strong></span> <span class='ocrx_word' id='word_1_103' title='bbox 159 1314 255 1377; x_wconf 83' lang='lat' dir='ltr'><strong>rogata</strong></span> <span class='ocrx_word' id='word_1_104' title='bbox 270 1308 351 1374; x_wconf 87' lang='lat' dir='ltr'><strong>refer,</strong></span> <span class='ocrx_word' id='word_1_105' title='bbox 369 1307 461 1362; x_wconf 89' lang='lat' dir='ltr'><strong>comiti</strong></span> <span class='ocrx_word' id='word_1_106' title='bbox 478 1307 637 1375; x_wconf 82' lang='lat' dir='ltr'><strong>scribaeque</strong></span> <span class='ocrx_word' id='word_1_107' title='bbox 656 1308 778 1360; x_wconf 88' lang='lat' dir='ltr'><strong>Neronis.</strong></span> <span class='ocrx_word' id='word_1_108' title='bbox 800 1359 803 1365; x_wconf 84' lang='grc'><strong>,</strong></span> 
     </span>
    </p>

    <p class='ocr_par' dir='ltr' id='par_1_15' title="bbox 61 1382 920 1679">
     <span class='ocr_line' id='line_1_18' title="bbox 61 1382 919 1453; baseline 0.001 -15"><span class='ocrx_word' id='word_1_109' title='bbox 61 1384 91 1439; x_wconf 78' lang='lat' dir='ltr'><strong>ai</strong></span> <span class='ocrx_word' id='word_1_110' title='bbox 109 1390 223 1453; x_wconf 83' lang='lat' dir='ltr'><strong>quaeret</strong></span> <span class='ocrx_word' id='word_1_111' title='bbox 241 1383 307 1453; x_wconf 90' lang='lat' dir='ltr'><strong>quid</strong></span> <span class='ocrx_word' id='word_1_112' title='bbox 324 1399 411 1450; x_wconf 75' lang='lat' dir='ltr'><strong>agam</strong></span> <span class='ocrx_word' id='word_1_113' title='bbox 424 1382 468 1435; x_wconf 92' lang='lat' dir='ltr'><strong>dic</strong></span> <span class='ocrx_word' id='word_1_114' title='bbox 485 1382 572 1436; x_wconf 87' lang='lat' dir='ltr'><strong>multa</strong></span> <span class='ocrx_word' id='word_1_115' title='bbox 588 1386 618 1436; x_wconf 89' lang='lat' dir='ltr'><strong>et</strong></span> <span class='ocrx_word' id='word_1_116' title='bbox 632 1382 745 1452; x_wconf 86' lang='lat' dir='ltr'><strong>pulchra</strong></span> <span class='ocrx_word' id='word_1_117' title='bbox 760 1384 919 1439; x_wconf 87' lang='lat' dir='ltr'><strong>minantem</strong></span> 
     </span>
     <span class='ocr_line' id='line_1_19' title="bbox 61 1457 832 1527; baseline 0 -14"><span class='ocrx_word' id='word_1_118' title='bbox 61 1459 163 1514; x_wconf 83' lang='lat' dir='ltr'><strong>Vivere</strong></span> <span class='ocrx_word' id='word_1_119' title='bbox 180 1476 230 1513; x_wconf 92' lang='lat' dir='ltr'><strong>nec</strong></span> <span class='ocrx_word' id='word_1_120' title='bbox 247 1463 322 1513; x_wconf 90' lang='lat' dir='ltr'><strong>recte</strong></span> <span class='ocrx_word' id='word_1_121' title='bbox 339 1475 389 1511; x_wconf 90' lang='lat' dir='ltr'><strong>nec</strong></span> <span class='ocrx_word' id='word_1_122' title='bbox 407 1457 540 1523; x_wconf 82' lang='lat' dir='ltr'><strong>suaviter;</strong></span> <span class='ocrx_word' id='word_1_123' title='bbox 557 1457 632 1511; x_wconf 88' lang='lat' dir='ltr'><strong>baud</strong></span> <span class='ocrx_word' id='word_1_124' title='bbox 648 1458 713 1527; x_wconf 88' lang='lat' dir='ltr'><strong>quia</strong></span> <span class='ocrx_word' id='word_1_125' title='bbox 729 1459 832 1526; x_wconf 54' lang='lat' dir='ltr'><strong>mando</strong></span> 
     </span>
     <span class='ocr_line' id='line_1_20' title="bbox 61 1532 920 1602; baseline -0.002 -13"><span class='ocrx_word' id='word_1_126' title='bbox 61 1535 224 1590; x_wconf 89' lang='lat' dir='ltr'><strong>(lontuderit</strong></span> <span class='ocrx_word' id='word_1_127' title='bbox 241 1535 311 1587; x_wconf 82' lang='lat' dir='ltr'><strong>vites</strong></span> <span class='ocrx_word' id='word_1_128' title='bbox 329 1533 469 1601; x_wconf 87' lang='lat' dir='ltr'><strong>oleamque</strong></span> <span class='ocrx_word' id='word_1_129' title='bbox 486 1532 664 1587; x_wconf 89' lang='lat' dir='ltr'><strong>momorderit</strong></span> <span class='ocrx_word' id='word_1_130' title='bbox 680 1538 780 1602; x_wconf 88' lang='lat' dir='ltr'><strong>aestus,</strong></span> <span class='ocrx_word' id='word_1_131' title='bbox 904 1554 920 1594; x_wconf 74' lang='grc' dir='ltr'><strong><em>ε</em></strong></span> 
     </span>
     <span class='ocr_line' id='line_1_21' title="bbox 61 1608 831 1679; baseline -0.004 -14"><span class='ocrx_word' id='word_1_132' title='bbox 61 1610 88 1664; x_wconf 90' lang='lat' dir='ltr'>N</span> <span class='ocrx_word' id='word_1_133' title='bbox 89 1626 121 1665; x_wconf 89' lang='lat' dir='ltr'><strong>ec</strong></span> <span class='ocrx_word' id='word_1_134' title='bbox 138 1611 202 1679; x_wconf 91' lang='lat' dir='ltr'><strong>qnia</strong></span> <span class='ocrx_word' id='word_1_135' title='bbox 218 1608 371 1677; x_wconf 76' lang='lat' dir='ltr'><strong>longinquis</strong></span> <span class='ocrx_word' id='word_1_136' title='bbox 388 1611 541 1661; x_wconf 87' lang='lat' dir='ltr'><strong>armentum</strong></span> <span class='ocrx_word' id='word_1_137' title='bbox 558 1610 684 1677; x_wconf 82' lang='lat' dir='ltr'><strong>aegrotet</strong></span> <span class='ocrx_word' id='word_1_138' title='bbox 698 1608 728 1662; x_wconf 93' lang='lat' dir='ltr'><strong>in</strong></span> <span class='ocrx_word' id='word_1_139' title='bbox 745 1610 831 1678; x_wconf 54' lang='lat' dir='ltr'><strong>agria</strong></span> 
     </span>
    </p>

    <p class='ocr_par' dir='ltr' id='par_1_16' title="bbox 61 1682 839 1755">
     <span class='ocr_line' id='line_1_22' title="bbox 61 1682 839 1755; baseline -0.005 -14"><span class='ocrx_word' id='word_1_140' title='bbox 61 1686 117 1741; x_wconf 81' lang='lat' dir='ltr'><strong>Sed</strong></span> <span class='ocrx_word' id='word_1_141' title='bbox 134 1686 199 1755; x_wconf 87' lang='lat' dir='ltr'><strong>quia</strong></span> <span class='ocrx_word' id='word_1_142' title='bbox 213 1689 305 1738; x_wconf 90' lang='lat' dir='ltr'><strong>mente</strong></span> <span class='ocrx_word' id='word_1_143' title='bbox 322 1682 411 1735; x_wconf 88' lang='lat' dir='ltr'><strong>minus</strong></span> <span class='ocrx_word' id='word_1_144' title='bbox 428 1682 534 1735; x_wconf 88' lang='lat' dir='ltr'><strong>validus</strong></span> <span class='ocrx_word' id='word_1_145' title='bbox 552 1699 633 1751; x_wconf 88' lang='lat' dir='ltr'><strong>quam</strong></span> <span class='ocrx_word' id='word_1_146' title='bbox 651 1699 763 1753; x_wconf 87' lang='lat' dir='ltr'><strong>corpore</strong></span> <span class='ocrx_word' id='word_1_147' title='bbox 781 1688 839 1738; x_wconf 89' lang='lat' dir='ltr'><strong>toto</strong></span> 
     </span>
    </p>

    <p class='ocr_par' dir='ltr' id='par_1_17' title="bbox 61 1757 974 2127">
     <span class='ocr_line' id='line_1_23' title="bbox 61 1757 838 1827; baseline -0.006 -11"><span class='ocrx_word' id='word_1_148' title='bbox 61 1762 108 1816; x_wconf 90' lang='lat' dir='ltr'><strong>Nil</strong></span> <span class='ocrx_word' id='word_1_149' title='bbox 126 1762 221 1816; x_wconf 87' lang='lat' dir='ltr'><strong>audire</strong></span> <span class='ocrx_word' id='word_1_150' title='bbox 239 1760 325 1821; x_wconf 81' lang='lat' dir='ltr'><strong>velim,</strong></span> <span class='ocrx_word' id='word_1_151' title='bbox 342 1758 381 1811; x_wconf 93' lang='lat' dir='ltr'><strong>nil</strong></span> <span class='ocrx_word' id='word_1_152' title='bbox 399 1757 512 1824; x_wconf 79' lang='lat' dir='ltr'><strong>discere,</strong></span> <span class='ocrx_word' id='word_1_153' title='bbox 531 1758 604 1827; x_wconf 93' lang='lat' dir='ltr'><strong>quod</strong></span> <span class='ocrx_word' id='word_1_154' title='bbox 621 1758 694 1812; x_wconf 84' lang='lat' dir='ltr'><strong>levet</strong></span> <span class='ocrx_word' id='word_1_155' title='bbox 711 1774 838 1826; x_wconf 76' lang='lat' dir='ltr'><strong>aegrum3</strong></span> 
     </span>
     <span class='ocr_line' id='line_1_24' title="bbox 62 1833 853 1903; baseline -0.007 -13"><span class='ocrx_word' id='word_1_156' title='bbox 62 1838 139 1891; x_wconf 84' lang='lat' dir='ltr'><strong>Fidis</strong></span> <span class='ocrx_word' id='word_1_157' title='bbox 156 1836 277 1892; x_wconf 82' lang='lat' dir='ltr'><strong>offendar</strong></span> <span class='ocrx_word' id='word_1_158' title='bbox 293 1833 413 1900; x_wconf 89' lang='lat' dir='ltr'><strong>medicis,</strong></span> <span class='ocrx_word' id='word_1_159' title='bbox 430 1833 533 1887; x_wconf 84' lang='lat' dir='ltr'><strong>irascar</strong></span> <span class='ocrx_word' id='word_1_160' title='bbox 550 1833 654 1899; x_wconf 87' lang='lat' dir='ltr'><strong>amicis,</strong></span> <span class='ocrx_word' id='word_1_161' title='bbox 785 1834 802 1895; x_wconf 69' lang='grc' dir='ltr'><strong>’ζ’</strong></span> <span class='ocrx_word' id='word_1_162' title='bbox 850 1894 853 1903; x_wconf 64' lang='lat'>,</span> 
     </span>
     <span class='ocr_line' id='line_1_25' title="bbox 62 1901 974 1979; baseline -0.002 -12"><span class='ocrx_word' id='word_1_163' title='bbox 62 1914 120 1979; x_wconf 71' lang='lat' dir='ltr'><strong>Cur</strong></span> <span class='ocrx_word' id='word_1_164' title='bbox 135 1930 179 1967; x_wconf 91' lang='lat' dir='ltr'><strong>me</strong></span> <span class='ocrx_word' id='word_1_165' title='bbox 196 1912 303 1964; x_wconf 78' lang='lat' dir='ltr'><strong>funeste</strong></span> <span class='ocrx_word' id='word_1_166' title='bbox 320 1912 466 1979; x_wconf 87' lang='lat' dir='ltr'><strong>properent</strong></span> <span class='ocrx_word' id='word_1_167' title='bbox 483 1924 576 1962; x_wconf 88' lang='lat' dir='ltr'><strong>arcere</strong></span> <span class='ocrx_word' id='word_1_168' title='bbox 593 1912 719 1976; x_wconf 79' lang='lat' dir='ltr'><strong>veterno3</strong></span> <span class='ocrx_word' id='word_1_169' title='bbox 847 1915 863 1932; x_wconf 74' lang='lat'><strong>&#39;&#39;</strong></span> <span class='ocrx_word' id='word_1_170' title='bbox 880 1901 922 1968; x_wconf 75' lang='lat' dir='ltr'><strong>&#39;ro&#39;</strong></span> <span class='ocrx_word' id='word_1_171' title='bbox 966 1930 974 1943; x_wconf 64' lang='lat'><em>⁴</em></span> 
     </span>
     <span class='ocr_line' id='line_1_26' title="bbox 61 1974 919 2054; baseline -0.005 -12"><span class='ocrx_word' id='word_1_172' title='bbox 61 1974 137 2052; x_wconf 64' lang='lat' dir='ltr'><strong>Quae</strong></span> <span class='ocrx_word' id='word_1_173' title='bbox 154 2003 270 2042; x_wconf 90' lang='lat' dir='ltr'><strong>nocuere</strong></span> <span class='ocrx_word' id='word_1_174' title='bbox 288 2000 391 2054; x_wconf 86' lang='lat' dir='ltr'><strong>sequar,</strong></span> <span class='ocrx_word' id='word_1_175' title='bbox 409 1984 510 2051; x_wconf 81' lang='lat' dir='ltr'><strong>ingiam</strong></span> <span class='ocrx_word' id='word_1_176' title='bbox 528 2000 598 2051; x_wconf 89' lang='lat' dir='ltr'><strong>quae</strong></span> <span class='ocrx_word' id='word_1_177' title='bbox 614 1984 722 2053; x_wconf 84' lang='lat' dir='ltr'><strong>profore</strong></span> <span class='ocrx_word' id='word_1_178' title='bbox 739 1982 864 2047; x_wconf 69' lang='lat' dir='ltr'><strong>credam</strong></span> <span class='ocrx_word' id='word_1_179' title='bbox 914 1978 919 1986; x_wconf 78' lang='grc'><em>“</em></span> 
     </span>
     <span class='ocr_line' id='line_1_27' title="bbox 61 2058 783 2127; baseline -0.007 -9"><span class='ocrx_word' id='word_1_180' title='bbox 61 2064 164 2117; x_wconf 87' lang='lat' dir='ltr'><strong>Romae</strong></span> <span class='ocrx_word' id='word_1_181' title='bbox 182 2062 266 2116; x_wconf 83' lang='lat' dir='ltr'><strong>TIbur</strong></span> <span class='ocrx_word' id='word_1_182' title='bbox 283 2077 372 2114; x_wconf 90' lang='lat' dir='ltr'><strong>amem</strong></span> <span class='ocrx_word' id='word_1_183' title='bbox 389 2062 524 2127; x_wconf 86' lang='lat' dir='ltr'><strong>ventosus,</strong></span> <span class='ocrx_word' id='word_1_184' title='bbox 543 2058 642 2113; x_wconf 80' lang='lat' dir='ltr'><strong>Tibure</strong></span> <span class='ocrx_word' id='word_1_185' title='bbox 661 2060 783 2113; x_wconf 80' lang='lat' dir='ltr'><strong>Romam.</strong></span> 
     </span>
    </p>

    <p class='ocr_par' dir='ltr' id='par_1_18' title="bbox 61 2136 816 2204">
     <span class='ocr_line' id='line_1_28' title="bbox 61 2136 816 2204; baseline -0.008 -11"><span class='ocrx_word' id='word_1_186' title='bbox 61 2140 127 2193; x_wconf 87' lang='lat' dir='ltr'><strong>Post</strong></span> <span class='ocrx_word' id='word_1_187' title='bbox 144 2140 212 2192; x_wconf 88' lang='lat' dir='ltr'><strong>haec</strong></span> <span class='ocrx_word' id='word_1_188' title='bbox 228 2141 261 2190; x_wconf 92' lang='lat' dir='ltr'><strong>ut</strong></span> <span class='ocrx_word' id='word_1_189' title='bbox 277 2136 374 2203; x_wconf 85' lang='lat' dir='ltr'><strong>valeat,</strong></span> <span class='ocrx_word' id='word_1_190' title='bbox 392 2151 446 2203; x_wconf 93' lang='lat' dir='ltr'><strong>quo</strong></span> <span class='ocrx_word' id='word_1_191' title='bbox 462 2137 543 2203; x_wconf 87' lang='lat' dir='ltr'><strong>pacto</strong></span> <span class='ocrx_word' id='word_1_192' title='bbox 560 2150 619 2187; x_wconf 92' lang='lat' dir='ltr'><strong>rom</strong></span> <span class='ocrx_word' id='word_1_193' title='bbox 636 2138 715 2202; x_wconf 84' lang='lat' dir='ltr'><strong>gerat</strong></span> <span class='ocrx_word' id='word_1_194' title='bbox 733 2139 762 2189; x_wconf 89' lang='lat' dir='ltr'><strong>et</strong></span> <span class='ocrx_word' id='word_1_195' title='bbox 779 2151 816 2204; x_wconf 88' lang='lat' dir='ltr'><strong>se,</strong></span> 
     </span>
    </p>

    <p class='ocr_par' dir='ltr' id='par_1_19' title="bbox 59 2208 742 2283">
     <span class='ocr_line' id='line_1_29' title="bbox 59 2208 742 2283; baseline -0.012 -13"><span class='ocrx_word' id='word_1_196' title='bbox 59 2215 101 2270; x_wconf 93' lang='lat' dir='ltr'><strong>Ut</strong></span> <span class='ocrx_word' id='word_1_197' title='bbox 117 2214 223 2283; x_wconf 87' lang='lat' dir='ltr'><strong>placcat</strong></span> <span class='ocrx_word' id='word_1_198' title='bbox 236 2211 333 2280; x_wconf 86' lang='lat' dir='ltr'><strong>juveni</strong></span> <span class='ocrx_word' id='word_1_199' title='bbox 349 2213 509 2278; x_wconf 88' lang='lat' dir='ltr'><strong>percontare</strong></span> <span class='ocrx_word' id='word_1_200' title='bbox 528 2211 614 2275; x_wconf 90' lang='lat' dir='ltr'><strong>utque</strong></span> <span class='ocrx_word' id='word_1_201' title='bbox 631 2208 742 2262; x_wconf 89' lang='lat' dir='ltr'><strong>cohorti.</strong></span> 
     </span>
    </p>

    <p class='ocr_par' dir='ltr' id='par_1_20' title="bbox 59 2282 916 2432">
     <span class='ocr_line' id='line_1_30' title="bbox 60 2282 916 2355; baseline -0.016 -10"><span class='ocrx_word' id='word_1_202' title='bbox 60 2290 89 2345; x_wconf 82' lang='lat' dir='ltr'><strong>Si</strong></span> <span class='ocrx_word' id='word_1_203' title='bbox 107 2291 187 2355; x_wconf 88' lang='lat' dir='ltr'><strong>dicet,</strong></span> <span class='ocrx_word' id='word_1_204' title='bbox 206 2289 299 2353; x_wconf 89' lang='lat' dir='ltr'><strong>Recte,</strong></span> <span class='ocrx_word' id='word_1_205' title='bbox 317 2286 433 2353; x_wconf 89' lang='lat' dir='ltr'><strong>primum</strong></span> <span class='ocrx_word' id='word_1_206' title='bbox 451 2282 579 2351; x_wconf 82' lang='lat' dir='ltr'><strong>gaudere,</strong></span> <span class='ocrx_word' id='word_1_207' title='bbox 598 2282 713 2337; x_wconf 89' lang='lat' dir='ltr'><strong>subinde</strong></span> <span class='ocrx_word' id='word_1_208' title='bbox 890 2299 916 2341; x_wconf 66' lang='grc' dir='ltr'><strong>ιι</strong></span> 
     </span>
     <span class='ocr_line' id='line_1_31' title="bbox 59 2358 772 2432; baseline -0.007 -12"><span class='ocrx_word' id='word_1_209' title='bbox 59 2366 238 2432; x_wconf 84' lang='lat' dir='ltr'><strong>Praeceptum</strong></span> <span class='ocrx_word' id='word_1_210' title='bbox 256 2361 383 2416; x_wconf 86' lang='lat' dir='ltr'><strong>auriculis</strong></span> <span class='ocrx_word' id='word_1_211' title='bbox 401 2360 451 2411; x_wconf 90' lang='lat' dir='ltr'><strong>boc</strong></span> <span class='ocrx_word' id='word_1_212' title='bbox 468 2358 603 2412; x_wconf 87' lang='lat' dir='ltr'><strong>instillare</strong></span> <span class='ocrx_word' id='word_1_213' title='bbox 620 2362 772 2415; x_wconf 91' lang='lat' dir='ltr'><strong>memento:</strong></span> 
     </span>
    </p>

    <p class='ocr_par' dir='ltr' id='par_1_21' title="bbox 58 2433 724 2502">
     <span class='ocr_line' id='line_1_32' title="bbox 58 2433 724 2502; baseline -0.012 -5"><span class='ocrx_word' id='word_1_214' title='bbox 58 2442 100 2496; x_wconf 93' lang='lat' dir='ltr'><strong>Ut</strong></span> <span class='ocrx_word' id='word_1_215' title='bbox 116 2446 149 2496; x_wconf 88' lang='lat' dir='ltr'><strong>tn</strong></span> <span class='ocrx_word' id='word_1_216' title='bbox 165 2441 301 2493; x_wconf 76' lang='lat' dir='ltr'><strong>fortunam</strong></span> <span class='ocrx_word' id='word_1_217' title='bbox 319 2436 358 2489; x_wconf 84' lang='lat' dir='ltr'><strong>sic</strong></span> <span class='ocrx_word' id='word_1_218' title='bbox 374 2451 423 2488; x_wconf 83' lang='lat' dir='ltr'><strong>nos</strong></span> <span class='ocrx_word' id='word_1_219' title='bbox 440 2437 477 2502; x_wconf 92' lang='lat' dir='ltr'><strong>te,</strong></span> <span class='ocrx_word' id='word_1_220' title='bbox 496 2433 582 2502; x_wconf 78' lang='lat' dir='ltr'><strong>Celsa,</strong></span> <span class='ocrx_word' id='word_1_221' title='bbox 599 2434 724 2489; x_wconf 84' lang='lat' dir='ltr'><strong>feremus.</strong></span> 
     </span>
    </p>
   </div>
   <div class='ocr_carea' id='block_1_7' title="bbox 458 2573 509 2629">
    <p class='ocr_par' dir='ltr' id='par_1_22' title="bbox 458 2573 509 2629">
     <span class='ocr_line' id='line_1_33' title="bbox 458 2573 509 2629; baseline 0 -1"><span class='ocrx_word' id='word_1_222' title='bbox 458 2573 509 2629; x_wconf 88' lang='lat' dir='ltr'><strong>IX.</strong></span> 
     </span>
    </p>
   </div>
   <div class='ocr_carea' id='block_1_8' title="bbox 55 2656 911 3097">
    <p class='ocr_par' dir='ltr' id='par_1_23' title="bbox 57 2656 719 2728">
     <span class='ocr_line' id='line_1_34' title="bbox 57 2656 719 2728; baseline -0.014 -10"><span class='ocrx_word' id='word_1_223' title='bbox 57 2664 215 2728; x_wconf 76' lang='lat' dir='ltr'><strong>Sarmatia,</strong></span> <span class='ocrx_word' id='word_1_224' title='bbox 234 2658 338 2724; x_wconf 80' lang='lat' dir='ltr'><strong>Claudi,</strong></span> <span class='ocrx_word' id='word_1_225' title='bbox 356 2657 483 2710; x_wconf 89' lang='lat' dir='ltr'><strong>nimirum</strong></span> <span class='ocrx_word' id='word_1_226' title='bbox 501 2656 629 2724; x_wconf 79' lang='lat' dir='ltr'><strong>intelligit</strong></span> <span class='ocrx_word' id='word_1_227' title='bbox 647 2672 719 2710; x_wconf 87' lang='lat' dir='ltr'><strong>unus</strong></span> 
     </span>
    </p>

    <p class='ocr_par' dir='ltr' id='par_1_24' title="bbox 56 2731 825 2872">
     <span class='ocr_line' id='line_1_35' title="bbox 57 2731 825 2800; baseline -0.004 -10"><span class='ocrx_word' id='word_1_228' title='bbox 57 2740 158 2800; x_wconf 87' lang='lat' dir='ltr'><strong>Quanti</strong></span> <span class='ocrx_word' id='word_1_229' title='bbox 175 2752 219 2788; x_wconf 91' lang='lat' dir='ltr'><strong>me</strong></span> <span class='ocrx_word' id='word_1_230' title='bbox 236 2735 334 2794; x_wconf 86' lang='lat' dir='ltr'><strong>facias;</strong></span> <span class='ocrx_word' id='word_1_231' title='bbox 351 2749 414 2783; x_wconf 86' lang='lat' dir='ltr'><strong>narn</strong></span> <span class='ocrx_word' id='word_1_232' title='bbox 431 2748 492 2784; x_wconf 92' lang='lat' dir='ltr'><strong>cnm</strong></span> <span class='ocrx_word' id='word_1_233' title='bbox 511 2736 589 2799; x_wconf 84' lang='lat' dir='ltr'><strong>rogat</strong></span> <span class='ocrx_word' id='word_1_234' title='bbox 606 2736 635 2785; x_wconf 89' lang='lat' dir='ltr'><strong>et</strong></span> <span class='ocrx_word' id='word_1_235' title='bbox 652 2748 734 2800; x_wconf 90' lang='lat' dir='ltr'><strong>prece</strong></span> <span class='ocrx_word' id='word_1_236' title='bbox 751 2731 825 2800; x_wconf 78' lang='lat' dir='ltr'><strong>cogit</strong></span> 
     </span>
     <span class='ocr_line' id='line_1_36' title="bbox 56 2805 738 2872; baseline -0.006 -10"><span class='ocrx_word' id='word_1_237' title='bbox 56 2811 163 2862; x_wconf 86' lang='lat' dir='ltr'><strong>Scilicet</strong></span> <span class='ocrx_word' id='word_1_238' title='bbox 181 2812 212 2859; x_wconf 94' lang='lat' dir='ltr'><strong>ut</strong></span> <span class='ocrx_word' id='word_1_239' title='bbox 228 2807 280 2858; x_wconf 92' lang='lat' dir='ltr'><strong>tibi</strong></span> <span class='ocrx_word' id='word_1_240' title='bbox 298 2822 328 2857; x_wconf 91' lang='lat' dir='ltr'><strong>se</strong></span> <span class='ocrx_word' id='word_1_241' title='bbox 345 2805 456 2858; x_wconf 84' lang='lat' dir='ltr'><strong>laudare</strong></span> <span class='ocrx_word' id='word_1_242' title='bbox 474 2809 503 2857; x_wconf 91' lang='lat' dir='ltr'><strong>et</strong></span> <span class='ocrx_word' id='word_1_243' title='bbox 520 2806 631 2859; x_wconf 87' lang='lat' dir='ltr'><strong>tradere</strong></span> <span class='ocrx_word' id='word_1_244' title='bbox 649 2823 738 2872; x_wconf 89' lang='lat' dir='ltr'><strong>coner,</strong></span> 
     </span>
    </p>

    <p class='ocr_par' dir='ltr' id='par_1_25' title="bbox 55 2877 911 3097">
     <span class='ocr_line' id='line_1_37' title="bbox 55 2877 844 2945; baseline 0.004 -13"><span class='ocrx_word' id='word_1_245' title='bbox 55 2882 175 2945; x_wconf 85' lang='lat' dir='ltr'><strong>Dignum</strong></span> <span class='ocrx_word' id='word_1_246' title='bbox 191 2882 283 2930; x_wconf 90' lang='lat' dir='ltr'><strong>mente</strong></span> <span class='ocrx_word' id='word_1_247' title='bbox 301 2878 435 2945; x_wconf 91' lang='lat' dir='ltr'><strong>domoque</strong></span> <span class='ocrx_word' id='word_1_248' title='bbox 452 2877 569 2944; x_wconf 83' lang='lat' dir='ltr'><strong>legentis</strong></span> <span class='ocrx_word' id='word_1_249' title='bbox 587 2880 701 2933; x_wconf 82' lang='lat' dir='ltr'><strong>honesta</strong></span> <span class='ocrx_word' id='word_1_250' title='bbox 719 2880 745 2933; x_wconf 91' lang='lat' dir='ltr'>N</span> <span class='ocrx_word' id='word_1_251' title='bbox 748 2882 844 2945; x_wconf 87' lang='lat' dir='ltr'><strong>cronia,</strong></span> 
     </span>
     <span class='ocr_line' id='line_1_38' title="bbox 55 2950 911 3021; baseline 0.007 -19"><span class='ocrx_word' id='word_1_252' title='bbox 55 2952 170 3003; x_wconf 87' lang='lat' dir='ltr'><strong>Munere</strong></span> <span class='ocrx_word' id='word_1_253' title='bbox 187 2965 248 3002; x_wconf 87' lang='lat' dir='ltr'><strong>cum</strong></span> <span class='ocrx_word' id='word_1_254' title='bbox 265 2950 340 3014; x_wconf 82' lang='lat' dir='ltr'><strong>fungi</strong></span> <span class='ocrx_word' id='word_1_255' title='bbox 357 2951 491 3017; x_wconf 81' lang='lat' dir='ltr'><strong>propiorIs</strong></span> <span class='ocrx_word' id='word_1_256' title='bbox 501 2956 603 3006; x_wconf 84' lang='lat' dir='ltr'><strong>censet</strong></span> <span class='ocrx_word' id='word_1_257' title='bbox 621 2954 708 3021; x_wconf 87' lang='lat' dir='ltr'><strong>amici,</strong></span> <span class='ocrx_word' id='word_1_258' title='bbox 894 2974 911 3017; x_wconf 72' lang='lat' dir='ltr'><strong>a</strong></span> 
     </span>
     <span class='ocr_line' id='line_1_39' title="bbox 55 3021 749 3097; baseline 0.01 -23"><span class='ocrx_word' id='word_1_259' title='bbox 55 3024 128 3085; x_wconf 83' lang='lat' dir='ltr'><strong>Quid</strong></span> <span class='ocrx_word' id='word_1_260' title='bbox 143 3022 244 3088; x_wconf 87' lang='lat' dir='ltr'><strong>possim</strong></span> <span class='ocrx_word' id='word_1_261' title='bbox 261 3021 385 3074; x_wconf 83' lang='lat' dir='ltr'><strong>videtne</strong></span> <span class='ocrx_word' id='word_1_262' title='bbox 401 3024 478 3077; x_wconf 81' lang='lat' dir='ltr'><strong>norit</strong></span> <span class='ocrx_word' id='word_1_263' title='bbox 495 3039 540 3079; x_wconf 89' lang='lat' dir='ltr'><strong>me</strong></span> <span class='ocrx_word' id='word_1_264' title='bbox 557 3026 663 3081; x_wconf 86' lang='lat' dir='ltr'><strong>valdius</strong></span> <span class='ocrx_word' id='word_1_265' title='bbox 681 3029 749 3097; x_wconf 87' lang='lat' dir='ltr'><strong>ipso.</strong></span> 
     </span>
    </p>
   </div>
   <div class='ocr_carea' id='block_1_9' title="bbox 0 0 1018 3409">
    <p class='ocr_par' dir='ltr' id='par_1_26' title="bbox 0 0 1018 3409">
     <span class='ocr_line' id='line_1_40' title="bbox 0 0 1018 3409; baseline 0 2"><span class='ocrx_word' id='word_1_266' title='bbox 0 0 1018 3409; x_wconf 95' lang='lat' dir='ltr'><strong> </strong></span> 
     </span>
    </p>
   </div>
  </div>
 </body>
</html>
