2025 3409
72 66 104 114 92
344 66 499 116 HORATII
517 66 647 115 FLAOOI

176 144 300 198 Exsneca
316 145 358 198 uti
376 144 495 197 medidla
512 149 542 198 et
559 144 667 198 aridum
680 144 762 212 jecur

211 220 321 272 Amoris
339 224 411 273 esset
427 219 561 287 poculum,

179 293 359 347 Interminato
377 310 438 347 cum
457 294 541 348 semel
557 295 629 348 fixae
645 293 706 346 cibo

212 368 398 423 lntabuisseut
415 370 539 438 pupulae.

176 443 202 497 N
205 460 239 497 on
256 443 375 497 defuisse
394 444 529 497 masculae
546 443 667 498 libidinis

212 519 413 573 Ariminensem
432 519 535 574 Foliam

179 594 215 648 Ilt
233 594 319 648 otiosa
336 594 454 649 credidit
472 596 602 664 Neapolis

211 670 249 723 Et
266 686 345 724 omno
363 670 480 724 ricinum
498 671 637 740 oppidum,

177 745 253 810 Quae
271 745 360 799 sidera
378 749 523 800 excantata
539 763 604 801 voce
623 745 751 801 Thessala
920 770 948 811 ις

212 820 369 889 Lunamque
387 821 459 875 eaelo
478 822 587 891 deripit

177 896 231 950 llio
248 897 407 949 inresectum
425 913 505 950 saeva
523 897 606 950 dente
623 895 705 949 livido

211 970 324 1025 Canidia
340 972 440 1025 rodens
457 973 581 1040 pollinem

179 1046 252 1111 Quid
269 1047 340 1101 dixit
357 1052 405 1101 aut
423 1048 490 1117 quid
507 1049 613 1102 taonitl
649 1046 693 1100 “0
711 1045 795 1100 rebus
812 1049 902 1105 meis

211 1122 273 1175 Non
290 1122 413 1176 infideles
430 1123 559 1192 arbitrae,
927 1144 957 1185 ⁵0

178 1196 203 1249 N
205 1213 239 1250 ox
257 1200 286 1251 et
304 1196 391 1251 Diana
408 1214 478 1266 quae
496 1199 633 1252 silentium
649 1197 723 1266 regis

212 1273 320 1325 Arcana
338 1288 399 1325 cum
417 1272 487 1327 fiunt
505 1290 589 1340 saera,

177 1346 202 1399 N
206 1362 265 1414 uno,
282 1364 354 1400 nuno
370 1347 473 1414 adeste,
491 1349 608 1402 nuncin
625 1348 736 1402 hostiles
753 1347 856 1405 domos

213 1422 285 1475 Iram
303 1426 386 1491 atque
403 1440 503 1476 numen
520 1422 635 1477 vertite!

179 1497 370 1552 Formidolosis
388 1499 454 1552 dum
471 1500 558 1553 latent
576 1499 649 1552 silvis
666 1498 742 1552 serae
919 1522 953 1563 5⁵

213 1572 291 1627 Dulei
309 1589 405 1643 sopore
423 1574 573 1643 languidae,

177 1646 283 1713 Senem,
301 1647 375 1715 quod
392 1663 485 1702 omnes
502 1649 618 1717 rideant,
635 1648 789 1704 adulterum

212 1721 325 1775 Latrent
343 1722 500 1777 Suburanae
518 1740 599 1777 canes

178 1798 204 1850 N
206 1797 273 1850 ardo
289 1802 457 1865 perunctum,
476 1800 557 1869 quale
574 1816 628 1853 uon
645 1801 792 1869 perfectius

211 1872 290 1925 Meae
307 1872 456 1927 laborarint
473 1890 610 1929 manua·
909 1896 943 1935 oo

177 1946 249 2011 Quid
266 1947 383 2002 aooiditl
419 1949 475 2002 Cur
493 1950 553 2003 dira
570 1950 703 2004 barbarae
720 1950 808 2003 miuus

211 2022 323 2074 Venena
341 2022 455 2077 Medeae
472 2026 583 2079 valenti
739 2028 743 2037 '

177 2095 281 2160 Quibus
298 2098 441 2165 superbam
458 2100 530 2168 fugIt
546 2100 606 2154 ulta
622 2100 751 2170 pellicem,

210 2171 303 2239 Magni
321 2172 446 2226 Creontis
463 2175 554 2243 filiam,

176 2246 245 2301 (lum
262 2248 339 2315 palla,
356 2248 421 2301 tabo
439 2266 535 2303 munus
552 2250 695 2319 imbutum,
711 2267 809 2305 novam
906 2271 940 2313 es

211 2322 341 2376 lucendio
357 2328 472 2393 nuptam
490 2326 610 2381 abstulit

175 2398 264 2465 Atqui
282 2414 332 2451 nee
349 2398 434 2453 herba
451 2417 501 2454 nee
518 2401 605 2455 latens
621 2401 651 2455 in
668 2401 772 2471 asperis
826 2452 828 2457 .

212 2472 301 2526 Radix
317 2473 415 2528 fefellit
432 2491 476 2527 me
493 2476 566 2530 locis.

175 2546 311 2601 Indormit
328 2550 417 2601 unctis
435 2552 555 2605 omnium
572 2551 707 2607 eubilibus

209 2622 350 2675 Oblivione
368 2624 538 2691 pellicum-
902 2641 935 2685 aa

174 2696 221 2750 Ab
239 2698 290 2750 ah!
311 2698 413 2751 solutus
432 2698 554 2753 ambulat
571 2702 706 2757 venereae

208 2772 365 2825 Scientioris
382 2773 506 2826 carmine.

174 2845 236 2898 Non
254 2845 369 2911 usitatis,
389 2846 467 2912 Varo,
486 2849 649 2918 potionibus,

209 2918 232 2968 Ο
250 2918 336 2969 multa
354 2919 481 2972 fleturum
499 2927 589 2989 eaput,

175 2990 223 3041 Ad
239 3005 283 3041 me
301 3006 432 3056 recurres,
449 3009 499 3045 nec
516 3000 612 3049 vocata
628 3013 705 3052 mens
722 3002 772 3055 tua
897 3011 930 3059 π

208 3059 308 3111 Marsis
324 3062 427 3115 redibit
443 3066 567 3122 vocibus:
