2025 3409
357 70 571 121 SATIRARUM
588 72 625 121 II.
644 72 667 122 7.
893 72 937 119 153

2 165 8 202 r
88 147 170 212 Quae
186 150 280 218 procul
299 153 445 204 exstructis
461 152 570 207 inerant
586 152 714 206 hesterna
731 150 862 205 canistris
905 163 939 204 roa

3 231 6 240 '
87 223 165 292 Ergo
182 224 231 277 ubi
247 242 383 294 purpurea
400 230 556 294 porrectum
573 228 602 280 iu
618 231 695 281 reste
712 228 809 282 locarit

89 302 248 367 agrestem,
266 302 351 354 reluti
369 304 522 356 succinctus
539 304 654 357 cursitat
670 304 768 371 hospes

88 375 296 444 Continuatquc
314 377 400 445 dapes
417 394 467 431 nec
483 394 538 431 non
556 378 695 432 verniliter
712 378 779 446 ipsis

3 479 4 518 ,
87 448 229 518 Fungitur
245 452 346 519 officiis,
364 452 553 520 praelambens
571 470 649 507 omne
668 454 740 521 quod
758 453 845 507 affert.

3 531 8 555 ¹
88 525 145 578 llic
162 525 265 579 cubans
282 528 385 594 gaudet
402 532 508 582 mutata
526 532 600 582 sorte
617 528 749 597 bonisque
906 541 940 581 lle

88 600 188 654 Rebus
204 603 262 668 agit
279 604 382 656 laetum
399 604 546 672 convivam,
563 620 625 658 cum
642 604 733 675 subito
750 605 846 671 ingens

88 676 241 729 Valrarum
259 678 391 746 strepitus
409 679 493 733 lectis
504 680 624 734 excussit
640 682 794 747 utrumque.

89 751 212 805 Currere
228 769 279 820 per
295 757 385 807 totum
401 754 493 822 pavidi
512 756 643 819 conclave,
661 755 801 822 magisque

88 826 240 881 Exanimes
257 829 397 896 trepidare
414 830 494 883 simul
512 830 608 884 domus
625 830 681 883 alta
699 829 823 882 Molossis

3 965 6 977 Ι
90 902 241 957 Personuit
252 904 371 959 canibus.
406 906 474 957 'lum
486 906 617 959 rusticus:
637 906 734 958 ‘Haud
745 906 811 957 milri
823 904 880 957 vita
906 918 938 958 11⁵

89 978 144 1031 Est
161 993 229 1046 opus
246 979 311 1045 hac,’
329 980 375 1043 ait,
394 980 435 1033 ‘et
453 981 556 1045 valeas;
573 996 617 1033 mo
635 980 702 1033 silva
719 996 854 1048 carusque

3 1097 4 1110 l
89 1052 181 1106 Tutus
198 1052 234 1105 ab
251 1054 358 1107 insidiis
374 1056 451 1108 tenui
469 1055 600 1109 solabitur
618 1055 717 1109 erv0.”'

482 1196 550 1251 VII.

90 1276 133 1329 “J
133 1292 278 1332 AMDUDUM
294 1279 418 1333 ausculto
435 1285 465 1333 et
482 1281 593 1349 cupiens
610 1279 662 1333 tibi
679 1279 770 1333 dicere
788 1294 881 1331 scrius

2 1387 8 1414 -,
91 1352 186 1405 Pauca
199 1353 367 1407 reformido?
404 1355 583 1409 “ilamensi”
619 1355 692 1419 “Ita,
709 1354 807 1415 Davus,
823 1354 937 1405 amicum

91 1428 261 1496 Mancipium
278 1429 387 1482 domino
405 1436 434 1483 et
451 1430 523 1497 frugi
541 1430 615 1499 quod
633 1430 669 1483 sit
687 1430 758 1495 satis,
777 1429 828 1482 hoc
845 1433 895 1495 est,

91 1503 136 1555 Ut
152 1503 236 1556 vitale
251 1506 353 1572 putes.’'
390 1506 475 1573 “Age,
494 1504 622 1559 libertate
640 1504 792 1570 Decembri,

93 1578 211 1641 Quando
228 1578 268 1632 ita
285 1581 403 1647 majores
420 1581 572 1647 voluerunt,
590 1584 684 1645 utere;
701 1580 801 1633 narra.”
928 1592 940 1632 s

1 1647 6 1683 ²
92 1653 184 1705 ‘fPars
201 1653 339 1707 hominum
357 1655 431 1708 vitiis
448 1656 552 1723 gaudet
569 1660 724 1709 constanter
742 1658 771 1708 et
789 1658 870 1722 urget

93 1728 283 1796 Propositum3
299 1746 363 1798 pars
381 1730 468 1783 multa
484 1734 568 1798 natat,
586 1731 758 1784 modorecta
776 1745 926 1797 capessens,

94 1803 241 1857 Interdum
259 1805 350 1872 pravis
367 1804 489 1859 obnoxia.
526 1807 611 1874 Saepe
628 1810 738 1859 notatus

0 1886 1 1899 ¹
93 1879 165 1932 Cum
184 1878 272 1931 tribus
289 1881 410 1948 ansellis,
428 1881 509 1935 modo
527 1881 603 1935 laeva
622 1881 731 1934 Priscus
748 1879 828 1947 inani,

94 1954 175 2007 Vixit
193 1954 349 2023 inaequalis,
367 1957 471 2010 clavum
488 1960 521 2010 ut
538 1959 658 2010 mutaret
674 1956 703 2007 in
720 1955 807 2019 horas,
920 1966 942 2006 lo

94 2030 224 2082 Aedibus
241 2048 276 2083 ex
296 2032 401 2099 nragnis
420 2031 510 2085 subito
528 2048 557 2085 se
576 2031 712 2097 conderet,
730 2030 803 2083 trude
901 2086 903 2091 ,

94 2106 228 2158 blandior
244 2106 334 2160 exiret
351 2107 397 2159 vix
414 2107 558 2160 libertinus
575 2107 701 2170 honeste3

95 2182 161 2234 Janr
179 2183 307 2235 moechus
325 2184 436 2247 Romae,
450 2183 509 2250 jam
529 2183 623 2235 mallet
643 2182 738 2234 doctus
757 2179 873 2233 Athenis

95 2255 207 2324 Vivere,
226 2256 392 2325 Vertumnis,
410 2262 544 2327 quotquot
562 2261 632 2323 sunt,
649 2259 729 2308 natus
747 2255 854 2321 iniquis.

96 2334 198 2386 Scurra
215 2332 382 2400 Volanerius,
400 2337 544 2401 postquam
562 2332 601 2385 illi
616 2331 693 2399 justa
710 2330 840 2397 cheragra
921 2343 944 2383 1⁵

97 2409 232 2462 Contudit
249 2409 383 2475 articulos,
401 2409 448 2476 qui
465 2423 516 2476 pro
533 2424 563 2461 se
580 2407 690 2461 tolleret
706 2410 789 2473 atque

0 2526 1 2569 ἢ
96 2484 227 2537 Mitteret
243 2484 272 2537 in
288 2484 411 2552 phimmu
428 2482 505 2549 talos,
523 2481 648 2535 mercede
666 2480 763 2533 diurna

97 2559 270 2613 Conductum
288 2560 378 2627 pavit3
396 2561 498 2626 quanto
516 2557 682 2611 constantior
699 2556 786 2608 isdem

98 2635 132 2689 In
151 2634 233 2701 vitiis,
250 2638 327 2687 tanto
344 2634 431 2687 levius
447 2634 531 2686 miser
548 2649 580 2685 ac
597 2632 670 2701 prior
687 2631 740 2697 illo,

97 2710 152 2775 Qui
165 2709 225 2777 jam
242 2714 378 2777 contento,
392 2709 450 2776 jam
467 2709 529 2762 laxo
546 2708 611 2761 fune
628 2705 757 2760 laborat?
921 2722 945 2760 ro

97 2785 144 2839 “N
146 2800 182 2837 on
200 2785 276 2838 dices
292 2785 381 2850 hodie,
400 2800 529 2852 quorsum
547 2783 614 2836 haec
631 2786 686 2835 tam
707 2780 804 2850 putida
821 2780 944 2843 tendant,

96 2860 224 2915 Furcifer
230 2861 255 2915 2²⁹
290 2861 353 2913 “Ad
370 2863 407 2927 te,
424 2858 558 2927 inquam.”
595 2858 676 2921 “Quo
693 2860 780 2926 pacto,
795 2857 944 2925 pessime'i''

168 2935 296 2988 “laudas

96 3013 249 3065 Fortunam
268 3012 297 3063 et
313 3025 402 3062 mores
419 3009 548 3075 antiquae
565 3006 660 3074 plebis,
678 3008 707 3059 et
724 3005 798 3058 idem

97 3088 128 3141 Si
146 3085 210 3154 quis
226 3084 263 3138 ad
280 3084 327 3137 illa
344 3085 413 3150 deus
431 3083 520 3135 subito
537 3086 566 3133 te
583 3084 647 3147 agat
664 3096 750 3147 usque
768 3096 885 3145 recuses,
