2025 3409
51 63 152 114 'lar

338 79 348 95 κ
385 60 539 109 nonum
557 58 685 107 ΠΛΟ-01

175 142 271 195 Selosa
289 140 367 193 duris
384 156 486 192 exuere
503 138 621 204 pellibus

176 215 319 269 Laboriosi
338 215 455 279 remiges
472 214 568 265 Ulixei

174 290 293 343 Veiente
311 289 389 343 Circa
406 288 543 351 membra3
566 291 632 342 tune
648 304 724 340 mens
742 290 771 341 et
789 304 872 341 sonus

175 365 309 432 Relapsus
327 368 410 431 atque
427 367 508 416 notus
525 363 554 415 in
572 362 663 415 vultus
680 363 773 417 honor.

175 439 248 493 Dedi
267 439 334 492 satis
352 455 488 507 superque
504 454 654 507 poenarum
672 438 730 502 tibi,

175 517 278 569 Amata
294 514 384 567 nautis
401 514 518 568 multum
536 517 565 567 et
582 512 760 567 institoribus.

176 590 259 657 Fugit
272 588 402 656 juventas
420 592 450 641 et
466 587 637 641 verecundus
655 586 727 639 color

176 665 300 733 Reliquit
317 682 379 718 osse
394 663 467 731 pelle
484 663 583 716 amicta
600 662 703 725 lurida;

175 740 240 794 'luis
257 740 370 808 capillus
387 738 465 792 albus
483 742 526 793 est
544 736 690 800 odoribus;

165 815 202 869 n
204 816 289 868 ullum
307 815 342 868 ab
359 813 454 867 labore
470 830 516 866 me
533 813 647 865 reclinat
665 813 765 877 otium3

176 891 265 958 Urget
283 890 356 943 diem
374 906 428 943 nox
446 893 475 943 et
492 889 552 942 dies
569 892 684 954 noctem,
702 904 791 955 neque
810 890 855 940 est

177 965 281 1020 Levare
298 969 377 1019 tenta
394 966 491 1033 spiritu
508 963 674 1033 praecordia
782 967 783 971 ’

177 1042 250 1109 Ergo
267 1046 395 1108 negatum
413 1042 506 1093 vincor
523 1044 555 1093 ut
572 1039 682 1092 oreiam
700 1039 783 1091 miser

177 1117 285 1171 Sabelle
301 1122 397 1185 peetus
414 1117 554 1183 increpare
572 1115 692 1167 carmina

177 1193 321 1261 Caputque
339 1192 431 1245 Marsa
449 1191 567 1243 dissilire
585 1191 673 1243 nenia

177 1269 249 1332 Quid
267 1268 382 1336 emplius
399 1268 460 1320 risl
496 1266 519 1319 0
538 1282 621 1330 mare,
639 1282 655 1318 o
673 1269 754 1332 terra,
772 1264 867 1334 ardeo,

178 1345 315 1407 Quantum
332 1360 421 1411 neque
438 1347 499 1396 atro
517 1341 654 1395 delibutus
673 1341 807 1394 Hercules

178 1420 259 1473 Nessi
276 1436 378 1484 cruore,
396 1435 446 1472 nec
465 1418 561 1471 Sicana
578 1416 682 1469 fervida

178 1496 277 1548 Virens
294 1496 323 1548 in
341 1498 432 1548 Aetna
450 1494 576 1557 flamma;
598 1496 631 1546 tu
649 1493 734 1545 donee
751 1491 818 1543 einis

178 1570 321 1638 Injuriosis
337 1570 430 1622 aridus
447 1570 536 1623 ventis
554 1569 625 1621 ferar

180 1646 258 1699 Gales
275 1646 388 1699 venenis
405 1645 510 1697 officina
528 1644 667 1697 Colchicis,

179 1722 255 1784 Quae
272 1721 333 1773 finis
350 1725 399 1773 aut
416 1719 490 1787 quod
506 1736 552 1772 me
569 1722 661 1771 monet
679 1717 864 1785 stipendiumi

179 1797 284 1861 Μαῖα
302 1796 394 1864 jussas
412 1812 473 1848 cum
491 1795 546 1848 lide
563 1810 664 1862 poenas
682 1794 761 1861 luam,

180 1872 295 1925 Paratus
313 1871 430 1939 expiare,
448 1888 496 1925 seu
513 1869 667 1938 poposceris

179 1948 296 2002 Centum
308 1939 449 2014 juvencos,
467 1946 524 1999 sive
541 1944 665 1997 mendaci
682 1944 740 2012 lyra

179 2023 263 2076 Voles
281 2022 386 2077 sonari:
410 2023 451 2074 Tu
467 2022 573 2091 pudice„
590 2024 623 2073 tu
639 2020 725 2087 proba

180 2097 385 2152 Perambulabis
402 2102 477 2149 astra
494 2097 569 2149 sidus
587 2112 706 2148 aureum.

180 2174 293 2227 Infamis
312 2173 435 2226 Helenae
453 2173 550 2225 Castor
567 2172 683 2224 offensus
700 2170 786 2223 vicem

180 2249 202 2302 F
205 2253 332 2317 retorque
349 2249 440 2315 magni
459 2248 578 2301 Castoris
597 2247 662 2300 vieti
678 2263 760 2315 prece

181 2324 321 2392 Adompta
337 2324 393 2376 rati
411 2323 558 2376 reddidere
575 2322 684 2375 lumina.

181 2400 218 2454 Et
235 2404 274 2468 tu,
290 2403 370 2467 potes
386 2416 456 2465 nam,
475 2398 548 2451 solve
566 2414 609 2451 me
628 2397 775 2465 dementia,

181 2475 205 2528 0
222 2491 272 2528 nec
289 2475 411 2543 paternis
427 2474 549 2527 obsoleta
567 2473 701 2541 sordibus,

181 2550 280 2619 Neque
298 2551 327 2603 in
345 2549 474 2618 sepulcris
491 2564 642 2617 pauperum
659 2547 781 2615 prudeus
799 2562 865 2599 anus

181 2626 207 2679 N
210 2625 363 2678 evendiales
381 2625 514 2692 dissipare
531 2623 665 2692 pulveres

182 2700 242 2753 Tibi
260 2699 393 2768 hospitale
410 2702 505 2767 pectus
524 2702 553 2751 et
569 2714 653 2765 purae
670 2712 772 2763 manus,

182 2776 309 2842 'suusque
327 2778 422 2827 venter
440 2774 623 2840 Pactumeius,
641 2777 670 2826 et
687 2777 736 2825 tuo

182 2851 285 2903 Cruore
302 2848 400 2900 rubros
417 2848 553 2900 obstetrix
570 2864 673 2915 pannos
690 2846 764 2912 lavit,

181 2922 328 2989 Utcunque
345 2922 423 2974 fortis
440 2921 533 2974 exsilis
550 2937 691 2989 puerpera

218 2995 290 3058 Quid
307 2993 440 3048 obseratis
457 2996 569 3049 auribus
585 2996 678 3049 fundis
695 2997 809 3064 precesl

183 3067 246 3121 Non
264 3084 328 3119 saxa
345 3068 424 3119 nudis
442 3069 566 3122 surdiora
583 3070 682 3124 navitis
