2025 3409
374 307 705 376 EPISTOLARUM

338 543 499 603 LIBER
533 543 745 604 PRIMUS.

112 864 213 918 Pnnsn
231 865 304 919 dicte
321 864 396 933 mihi,
415 784 653 920 sumandicende
672 865 798 933 Camena,

111 940 276 1008 Spectatum
294 942 360 995 satis
377 944 408 995 et
424 942 557 995 donatum
571 942 630 1010 jam
648 941 717 995 rude
734 940 850 1009 quaeris,

6 1041 7 1050 ι
112 1015 268 1084 Maecenas,
286 1016 385 1070 iterum
403 1018 517 1086 antiquo
534 1034 579 1071 me
596 1017 735 1070 includere
752 1017 825 1069 ludo.

111 1090 141 1143 N
143 1107 178 1144 on
196 1092 293 1145 eadem
310 1096 353 1145 est
370 1096 455 1161 aetas,
472 1109 526 1145 non
544 1109 627 1146 mens.
663 1092 792 1145 Veianius
810 1090 892 1143 armis

113 1164 244 1220 Herculis
262 1167 298 1219 ad
315 1171 422 1236 postem
440 1167 501 1221 fixis
519 1168 588 1222 latet
605 1166 717 1221 abditus
734 1182 806 1234 agro,

112 1241 142 1294 N
144 1259 159 1295 e
175 1243 306 1311 populum
324 1247 448 1297 extrema
465 1244 550 1297 toties
567 1246 663 1296 exoret
681 1259 769 1295 arena.
805 1299 807 1305 ,

112 1318 167 1371 Est
183 1318 251 1371 mihi
267 1322 412 1387 purgatam
429 1318 527 1372 crebro
545 1319 592 1386 qui
609 1321 739 1386 personet
755 1333 862 1371 aurem:

112 1393 195 1448 Solve
211 1397 399 1447 senescentem
416 1399 524 1448 mature
542 1410 622 1447 sanus
640 1408 748 1461 equum,
765 1409 799 1445 ne

113 1468 215 1522 Peecet
232 1468 268 1521 ad
286 1472 439 1522 extremum
456 1468 587 1522 ridendus
606 1471 635 1520 et
652 1466 699 1519 ilia
716 1465 805 1519 ducat.

112 1543 195 1597 Nunc
211 1544 306 1613 itaque
323 1548 352 1598 et
370 1561 465 1599 versus
482 1548 511 1598 et
527 1547 619 1597 cetera
636 1542 741 1596 ludicra
757 1553 835 1611 pono,
941 1557 961 1596 ro

113 1618 286 1681 Quidverum
292 1620 481 1689 atquedecens
487 1636 552 1674 curo
560 1623 589 1675 et
595 1636 661 1687 rogo
668 1624 697 1674 et
705 1620 791 1673 omnis
798 1621 826 1672 in
833 1620 884 1673 hoc
892 1636 961 1693 qunq

113 1694 210 1749 (londo
228 1701 257 1749 et
274 1713 405 1765 compono
423 1713 494 1765 quae
513 1712 576 1749 mox
595 1696 755 1763 depromere
772 1696 879 1763 possim.

114 1771 158 1824 Ac
175 1788 211 1824 ne
227 1772 300 1825 forte
317 1789 397 1840 roges
415 1789 470 1840 quo
487 1789 532 1825 me
550 1772 626 1837 duce,
645 1787 699 1840 quc
716 1771 773 1825 lere
790 1774 873 1838 tuter,

113 1845 225 1901 Nullius
241 1847 368 1901 addictus
381 1848 477 1915 jurare
495 1848 524 1899 in
541 1846 625 1901 verba
641 1846 766 1913 magistri

114 1921 174 1985 Quo
189 1939 236 1976 me
252 1940 360 1991 cunque
377 1924 450 1992 rapit
467 1926 617 1991 tempesias
635 1922 744 1976 deseror
764 1920 868 1989 hospes
940 1937 960 1977 n

112 1995 195 2049 Nunc
210 1996 288 2063 agilis
300 1997 342 2049 >iio
360 2001 390 2050 et
408 2014 513 2050 mersor
530 1996 653 2050 civilibus
670 1996 759 2065 undis,

112 2070 234 2125 Virtutis
250 2088 331 2125 verae
349 2076 441 2127 custos
456 2072 617 2141 rigidusque
633 2072 742 2127 satelles
751 2092 784 2151 ;³

112 2147 193 2202 Nunc
210 2148 239 2201 in
258 2149 396 2217 Aristippi
413 2148 510 2202 furtim
527 2152 674 2216 praecepta
691 2146 805 2214 relabor,

112 2222 151 2277 llt
167 2224 235 2276 mihi
252 2241 297 2277 res
314 2239 368 2276 non
384 2241 429 2277 me
446 2223 528 2277 rebus
549 2222 715 2291 subjungere
732 2239 822 2277 conor.

5 2308 10 2317 ’
111 2298 154 2352 Ut
170 2315 225 2352 nox
243 2299 325 2367 longa
340 2299 439 2367 quibus
456 2299 591 2352 mentitur
608 2298 701 2365 amica,
721 2298 834 2366 diesque
937 2316 959 2353 ιι

111 2374 207 2444 Longa
222 2374 332 2429 ridetur
349 2391 417 2443 opus
435 2373 607 2442 debentibus,
625 2377 657 2427 nt
674 2374 753 2441 piger
770 2391 856 2429 annus

112 2448 227 2517 Pupillis
244 2466 312 2519 qnos
330 2450 401 2503 dum
415 2450 517 2517 premit
535 2449 659 2503 custodia
677 2452 810 2515 matrum3

111 2525 156 2580 Sic
174 2525 241 2583 mihi
258 2524 340 2579 tarda
356 2524 445 2578 fluunt
462 2526 625 2593 ingrataque
643 2528 774 2592 tempora,
795 2540 865 2591 quae
883 2542 958 2594 spem

112 2601 314 2671 Consiliumque
332 2604 473 2654 morantur
492 2599 592 2668 agendi
610 2601 715 2654 naviter
734 2599 763 2651 id
782 2599 855 2667 quod

112 2678 210 2747 Aeque
229 2676 395 2746 pauperibus
413 2676 534 2745 prodest,
554 2675 734 2743 locupletibus
755 2692 848 2743 aeque,
935 2692 958 2731 ss

111 2754 208 2822 Aeque
226 2753 381 2821 neglectum
399 2752 492 2819 pueris
512 2751 675 2819 senibusque
694 2750 808 2803 nocebit.

5 2848 9 2856 ¹
111 2827 210 2882 Restat
227 2832 260 2882 ut
278 2828 321 2881 his
340 2844 391 2895 ego
411 2828 529 2895 meipso
550 2842 644 2893 regem
663 2824 788 2893 solerque
808 2826 957 2881 elernentls.

28 2893 276 3033 ''jffigorqffisis
293 2903 370 2955 oculo
389 2907 522 2971 quantum
541 2900 705 2954 contendere
725 2900 854 2970 Lynceus,

138 2996 172 3031 on
248 2996 283 3033 en
300 2978 401 3031 idcirco
420 2981 577 3030 contemnas
595 2975 685 3043 lippus
703 2976 812 3043 inungi;

110 3054 167 3109 Nec
186 3054 250 3123 quie
269 3054 398 3122 desperes
416 3052 509 3105 invicti
528 3050 650 3103 membra
670 3050 801 3118 Glyconis,
933 3067 956 3107 se
