2025 3409
369 56 586 107 SATIRARUM
603 58 641 107 ΙΙ.
661 62 682 108 3.
907 56 953 105 143

98 137 177 191 lllnd
194 137 267 190 idem
283 138 312 190 in
329 138 456 205 rapidum
474 138 576 192 flumen
590 139 731 205 jacerctvo
749 139 883 195 cloacaml

98 212 197 275 Quinti
215 213 357 281 progenies
377 214 450 281 Arri,
468 230 520 283 par
536 215 627 268 nobile
644 215 768 283 fratrum,

97 287 234 355 Nequitia
251 295 280 341 et
296 289 377 356 nugis
393 306 540 357 pravorum
558 294 587 344 et
605 307 696 344 arnone
714 292 866 359 garnellum

8 400 12 413 .
97 363 241 417 Luscinias
259 365 332 417 soliti
350 365 472 432 impenso
489 366 626 433 prandere
644 370 789 435 coemptas,
916 378 952 419 ‘tt

98 441 238 504 Quorsum
255 439 373 494 abeantl
391 441 474 493 Sanin
491 444 575 507 creta,
592 458 627 495 an
645 442 762 495 carbone
779 442 907 497 notandil

98 515 259 570 Aedificare
276 532 359 582 casas,
376 516 503 584 plostello
521 517 670 585 adjungere
688 534 788 584 mures,

98 589 212 645 Ludere
227 608 279 661 par
295 592 391 659 impar,
409 592 533 659 equitare
551 592 579 644 in
597 591 730 646 arundine
748 592 835 661 longa,

96 666 127 720 si
146 684 230 736 quem
248 667 367 721 delectet
384 667 530 721 barbatum
548 668 667 721 amentia
684 672 782 722 verset

96 742 127 795 Si
146 743 278 811 puerilius
295 742 338 796 his
356 743 426 796 ratio
443 759 504 797 esse
522 744 628 796 evincet
645 760 743 809 amare,
916 758 951 797 ato

97 818 160 873 Nec
176 819 326 888 quidquam
344 819 456 873 differre
472 822 602 872 utrumne
620 820 649 872 in
668 819 780 887 pulvere
799 820 897 873 tilmus

96 894 186 959 Quale
203 896 279 963 prius
296 894 375 948 ludas
392 911 468 962 opus,
486 910 522 947 an
540 894 692 948 meretricis
709 911 801 948 amore

96 971 237 1024 Sollicitus
254 970 353 1039 plores,
372 986 474 1039 quaero
490 970 609 1023 faciasne
627 968 701 1038 quod
719 969 783 1023 olim

97 1046 226 1099 Mutatus
244 1046 490 1114 l’olemon'l'ponas
506 1046 624 1112 insignia
641 1045 737 1112 morbi,

96 1121 243 1188 Fasciolrrs,
262 1121 371 1189 cubital,
388 1121 491 1186 ioml‘m,
510 1126 591 1189 potus
609 1123 641 1174 ut
658 1121 704 1174 ille
916 1134 950 1173 25⁵

95 1196 207 1250 Dicitur
225 1214 260 1251 ex
277 1196 346 1251 collo
363 1197 459 1250 furtim
477 1196 611 1264 carpsisse
630 1212 742 1250 coronas

96 1272 249 1340 Postquam
267 1276 311 1326 est
326 1272 457 1340 impransi
474 1275 616 1340 correptus
634 1288 698 1325 voco
716 1270 857 1340 trragistril

96 1347 221 1415 Porrigis
238 1348 307 1402 irato
325 1364 411 1416 puero
427 1364 488 1401 cum
506 1364 588 1415 poma
604 1352 724 1402 recusat:

1 1482 6 1489 ,
96 1423 190 1488 Sume,
209 1423 319 1478 catello!
338 1427 436 1491 negat3
454 1424 477 1475 si
495 1440 550 1476 non
569 1423 619 1477 des
637 1427 727 1492 optet:
745 1426 853 1477 amator

96 1499 233 1553 Exclusus
250 1499 297 1568 qui
314 1499 402 1553 distat
420 1500 477 1567 agit
494 1498 543 1552 ubi
562 1516 653 1552 seeum
671 1502 716 1553 eat
733 1516 768 1555 an
786 1516 841 1553 non
917 1515 952 1553 rm

97 1574 160 1639 Quo
177 1576 317 1628 rediturus
334 1578 395 1628 crat
411 1590 465 1628 non
483 1575 636 1636 arcessitus,
654 1578 683 1629 et
699 1575 797 1629 haeret

96 1650 200 1704 Inrisis
217 1650 335 1704 foribusl
353 1651 390 1703 ‘N
394 1666 424 1703 ec
442 1667 514 1703 nunc
531 1666 592 1703 cum
611 1666 655 1704 me
674 1654 753 1704 vocat
768 1651 841 1704 ultro

96 1727 255 1780 Accedaml
273 1744 308 1779 an
326 1726 418 1794 potins
435 1726 554 1778 mediter
572 1726 650 1778 finire
669 1726 793 1779 dolorcsl

96 1802 238 1866 Exclusit3
255 1805 377 1855 revocat:
396 1801 526 1855 rcdeanrl
562 1800 626 1853 Non
645 1800 668 1853 si
685 1801 823 1855 obsecret!
860 1802 931 1855 Ecce

96 1877 201 1932 Servus
217 1894 271 1929 non
289 1877 369 1945 paulo
387 1877 549 1943 sapientior:
587 1875 622 1928 ‘O
641 1875 723 1945 hem,-
734 1893 804 1944 quao
822 1894 867 1930 ros
914 1894 949 1933 aes

95 1954 123 2007 N
126 1971 159 2007 cc
176 1954 288 2006 modurn
304 1952 389 2005 habet
405 1968 495 2020 neque
513 1951 653 2005 consilium
670 1953 775 2005 ratione
792 1953 928 2021 modoque

95 2030 222 2084 'l'ractmi
239 2045 293 2081 non
309 2028 376 2082 vult.
413 2028 446 2080 ln
464 2044 556 2081 amoro
574 2027 641 2081 haee
655 2030 718 2082 sunt
736 2028 814 2095 mala,
828 2027 939 2097 bellum,

96 2106 158 2159 Pax
176 2121 298 2159 rursum:
315 2104 382 2157 haec
400 2104 422 2157 si
441 2103 502 2171 quis
521 2104 692 2170 tempestatis
709 2120 794 2173 propo
811 2105 866 2158 ritu

95 2182 214 2235 lllobilia
231 2183 261 2233 et
278 2195 359 2233 caeca
376 2179 512 2231 fluitantia
530 2183 603 2232 sorte
623 2178 730 2234 laboret

95 2257 229 2311 Reddere
248 2259 323 2309 certa
341 2254 400 2319 sibi,
420 2254 503 2306 nihilo
521 2253 583 2322 plus
601 2253 719 2321 explicet
736 2272 768 2309 ac
786 2255 808 2309 si
913 2274 949 2314 aro

96 2334 224 2387 insanire
241 2333 320 2401 paret
337 2333 414 2383 certa
432 2329 539 2382 ratione
557 2330 705 2397 modoque?

0 2402 1 2411 ¹
95 2408 180 2474 Quid,
198 2424 260 2461 cum
278 2406 385 2460 Picenis
403 2421 551 2473 excerpens
570 2406 672 2458 semina
689 2407 776 2474 pomis

95 2484 210 2540 Gaudes
228 2482 251 2535 si
269 2498 404 2535 cameram
421 2480 542 2549 percusti
560 2479 639 2547 forte,
657 2498 741 2549 penes
759 2488 787 2536 te
800 2486 846 2539 esi

95 2561 179 2629 Quid,
198 2576 259 2613 cum
276 2557 359 2610 balba
375 2557 441 2609 feris
459 2572 560 2609 annoso
577 2556 661 2609 rerba
678 2558 776 2625 palato,

95 2635 273 2691 Aedificante
291 2649 368 2686 casas
386 2632 433 2699 qui
451 2631 557 2686 saniori
594 2630 677 2685 Adde
694 2649 816 2687 cruorem
911 2654 946 2691 ars

2 2709 6 2718 '
94 2711 240 2768 Stultitiac
252 2714 336 2776 atque
348 2708 439 2775 ignem
453 2706 545 2773 gladio
557 2710 686 2760 scrutare.
721 2707 813 2777 Modo,
826 2710 944 2781 inquam,

94 2787 216 2843 Hellade
234 2800 363 2852 percussa
379 2782 485 2835 ilarius
501 2798 563 2835 cum
580 2782 744 2850 praecipitat
761 2799 790 2837 se

94 2863 223 2919 (lenitus
239 2860 300 2926 fuit,
318 2876 354 2913 an
371 2862 521 2912 commotae
539 2858 651 2911 crimine
669 2858 769 2911 urentis

94 2938 233 2996 Absolves
250 2935 387 2989 hominem
405 2938 434 2988 et
452 2933 561 2986 sceleris
579 2932 721 2985 damnabis
738 2935 864 3006 eundem,

92 3017 137 3070 Ex
157 3029 232 3066 more
249 3011 393 3079 imponens
411 3014 526 3076 cognata
543 3008 672 3060 voeabula
690 3008 789 3064 rebusl
910 3028 945 3067 eso

92 3089 254 3149 Libertinos
272 3090 339 3153 erat,
358 3085 405 3154 qui
423 3085 524 3137 circum
541 3082 659 3151 compita
676 3084 764 3138 siccus
