2025 3409
252 55 458 107 CARMINUM
475 57 529 107 111.
548 60 587 118 23,
605 60 644 118 23,
663 60 704 109 24.
863 77 891 123 ω

426 211 525 268 XXII.

186 294 325 349 Menneu
343 298 435 348 custos
451 312 656 363 nemorumque,
675 297 768 367 l'irgo,

187 372 263 433 Quae
280 370 436 425 laborantes
453 375 534 424 utero
550 372 654 440 puellas

187 446 240 501 Ter
257 451 354 498 vocata
371 446 450 500 audis
467 446 620 515 adimisque
636 447 699 515 leto,

220 520 293 573 Diva
309 521 450 588 triformis,

187 596 337 651 imminens
355 596 434 651 villae
451 600 500 651 tua
516 597 597 665 pinna
613 602 680 664 esto,

187 672 274 735 Quam
291 688 343 740 per
361 674 471 725 exactos
488 689 540 740 ego
557 674 645 728 laetus
663 689 746 729 annon

185 746 282 801 Verris
299 747 439 815 obliquum
456 748 616 803 meditantis
633 748 718 803 ictum

216 822 352 889 Sanguine
369 821 476 877 donem.

418 962 538 1018 xxiii·

187 1042 280 1099 Giano
298 1046 408 1113 supinas
425 1046 449 1098 ai
466 1045 563 1100 tuleris
580 1062 676 1099 manns

186 1120 323 1175 Nascente
340 1120 425 1188 Luna,
442 1121 545 1174 rustica
563 1120 690 1189 Phidyle,

219 1196 249 1251 si
266 1196 349 1251 thure
366 1197 482 1266 placaris
499 1201 530 1250 et
546 1197 633 1249 horna

254 1272 345 1339 Fruge
364 1272 449 1325 Lares
466 1272 601 1341 avidaque
618 1288 707 1340 porca,

184 1346 211 1400 N
213 1363 243 1400 ec
260 1348 435 1415 pestilentem
454 1348 557 1401 sentiet
574 1347 699 1400 Africum

185 1422 315 1477 Fecunda
332 1422 396 1476 vitis
413 1439 463 1476 nec
481 1422 602 1476 sterilem
620 1438 698 1489 seges

219 1497 381 1566 Robiginem
398 1501 447 1552 ant
464 1498 559 1551 dulces
574 1496 676 1551 alumni

253 1574 390 1628 Pomiiero
406 1590 490 1642 grave
508 1578 617 1642 tempus
634 1588 712 1627 anno.

184 1648 210 1702 N
213 1666 255 1702 am
274 1666 344 1718 quae
363 1649 445 1702 nivali
463 1650 584 1718 pascitur
603 1649 706 1716 Algido

185 1724 292 1779 Devota
309 1741 425 1793 quercus
442 1724 516 1778 inter
532 1727 562 1778 et
578 1724 653 1777 ilices
877 1739 899 1780 m

218 1802 280 1855 Aut
297 1800 396 1854 crescit
415 1799 532 1854 Albanis
548 1800 577 1852 in
594 1799 687 1853 herbis

252 1876 375 1930 Victima
391 1876 551 1944 pontificum
568 1892 677 1929 secures

185 1950 298 2005 Oervice
315 1952 420 2019 tinget:
439 1955 468 2005 to
486 1951 554 2004 nihil
570 1952 671 2004 attinet

185 2026 303 2081 Tentare
320 2027 407 2081 multa
424 2026 507 2080 caede
525 2026 679 2079 bidentium

220 2103 322 2156 Parvos
339 2106 513 2156 coronantem
530 2100 634 2155 marino

254 2177 326 2231 Rore
344 2177 411 2230 deos
426 2178 572 2246 fragilique
590 2180 685 2245 mprto.

186 2252 319 2306 Immunis
336 2269 412 2306 aram
429 2253 453 2306 ai
470 2253 684 2319 longimanus,

185 2327 212 2381 N
215 2345 249 2381 on
267 2332 426 2397 sumptuosa
443 2328 568 2381 blandior
584 2327 674 2381 hostia

221 2404 339 2457 Mollivit
356 2420 465 2458 aversos
483 2404 602 2457 Penates

254 2478 338 2532 Farre
355 2480 401 2547 pio
418 2484 448 2533 et
465 2479 579 2532 saliente
595 2478 673 2533 mica.

425 2618 531 2672 XXIV.

186 2701 315 2755 Iuraorrs
333 2700 488 2769 opulentior

219 2776 362 2830 Thesauris
381 2775 506 2829 Arabum
524 2779 553 2829 et
570 2773 664 2829 divitis
682 2774 779 2829 Indiae

185 2851 342 2907 caementis
358 2851 422 2905 licet
440 2866 555 2918 occupes

220 2926 389 2994 Tyrrhenum
407 2942 487 2979 omne
503 2927 559 2979 tuis
576 2930 697 2980 otmaro
716 2926 870 2994 Apulicum,

184 3002 214 3057 Si
232 3002 294 3069 tigit
310 3000 499 3055 adamantinos
882 3015 895 3055 t

219 3077 338 3131 Summis
354 3074 503 3129 verticibus
521 3075 580 3128 dira
599 3074 754 3127 Necessitas
