2025 3409
58 52 106 100 lto
320 46 475 99 nonam
491 49 623 99 FLACGI

53 130 166 185 Nodosa
183 132 372 201 corpusinolis
390 115 537 219 probibere
558 132 698 200 cheragra

54 206 106 260 Est
123 206 242 274 quadam
260 207 372 275 prodire
389 210 471 261 tenus
489 205 513 260 si
531 224 586 261 non
607 206 691 261 datur
708 208 788 262 ultra

54 282 459 411 Fervegavaritiaffl
475 283 604 350 cupidine
641 286 725 348 ectus,

54 357 125 411 Sunt
141 343 229 411 rerba
242 362 273 411 et
288 375 307 411 v
386 374 433 426 qm
432 356 574 500 unffi
591 359 618 412 le
647 375 678 412 re
696 358 816 411 dolorem

55 432 147 485 Possis
163 437 193 487 et
209 449 335 500 magnam
352 430 440 487 morbi
459 433 495 486 de
566 437 730 503 repertam.
884 448 912 489 ss

55 508 157 561 [nudis
173 525 266 561 amore
282 512 382 574 tumes,
399 525 414 561 s
574 508 681 577 piacula
698 524 769 577 quae
786 508 816 561 te

54 581 108 636 Ter
124 600 192 652 pune
208 583 283 637 lecto
298 587 430 652 poterunt
414 509 572 637 11qu
588 582 689 637 libello
840 541 1009 631 Μω-

55 658 174 724 Ιιιιιιιιιιι,
190 658 371 725 iracundus,
361 672 442 723 luere,

53 732 143 787 Nemo
159 734 196 787 ad
245 734 321 786 ferus
338 738 382 787 est
398 738 431 787 ut
446 659 707 787 nonmm
681 638 915 802 possit&

54 808 83 862 Si
100 809 182 863 modo
195 750 558 951 Qentemm
509 809 664 863 commodet
681 826 781 863 aurem.
884 826 912 865 to

34 912 37 921 ·
54 884 151 939 Virtus
167 890 211 939 est
228 886 324 938 vitium
405 901 436 937 re
452 886 483 937 et
499 884 634 953 sapientia
651 886 740 954 prima

11 962 15 970 “
53 960 180 1015 Stultitia
196 951 334 1038 er
357 960 445 1013 Vides
463 976 534 1027 qnae
551 962 670 1015 maxima
686 957 776 1014 credis

53 1035 122 1089 Esse
138 1037 217 1103 mala
236 1037 363 1103 exiguum
381 1051 413 1088 oe
511 1038 676 1104 turpemque
693 1035 838 1105 repulsam,

53 1112 162 1176 Quanto
179 1111 285 1165 devites
301 1110 385 1164 animi
402 1052 554 1179 offisque
571 1102 773 1184 atoma!

53 1187 175 1256 Impiger
192 1191 331 1241 extremos
347 1187 435 1241 curris
451 1191 589 1241 mereator
605 1187 643 1241 ad
661 1187 751 1252 Indos
883 1206 910 1245 aa

53 1262 108 1316 Per
123 1281 199 1317 mare
216 1263 375 1332 pauperiem
390 1262 507 1330 fugiens,
525 1279 665 1331 persana,
683 1280 734 1331 per
751 1266 843 1331 ignes:

52 1338 97 1393 Ne
114 1356 192 1393 cures
209 1356 243 1393 ea
260 1355 331 1407 quae
348 1338 433 1391 stulte
450 1338 560 1391 miraris
577 1342 607 1391 et
625 1342 704 1406 optas

52 1413 172 1481 Discere,
188 1419 218 1468 et
234 1414 338 1481 audire,
356 1418 387 1468 et
403 1413 509 1467 meliori
527 1413 640 1467 credere
656 1430 711 1467 non
728 1414 788 1469 visl

52 1489 119 1553 Quis
136 1491 236 1543 circum
253 1507 337 1559 pagos
355 1494 385 1543 et
402 1490 503 1543 circum
521 1490 640 1558 compita
656 1506 767 1558 pugnax

51 1566 152 1634 Magna
169 1567 291 1619 coronari
308 1568 465 1619 contemnet
482 1564 615 1633 Olympia,
668 1566 674 1578 '
694 1582 794 1635 spese„
864 1568 910 1625 ιω

51 1640 102 1695 Cui
120 1642 157 1695 sit
173 1641 294 1695 conditio
311 1641 400 1695 dulcis
416 1640 476 1694 sine
492 1640 606 1709 pulvere
622 1642 727 1709 palmae

51 1717 141 1771 Vilius
158 1721 302 1785 argentum
319 1721 363 1770 est
379 1732 454 1783 auro,
471 1715 622 1770 virtutibus
638 1732 743 1772 aurum.

50 1792 93 1845 “0
111 1794 192 1860 cives,
210 1794 290 1860 cives,
308 1792 466 1861 quaerenda
482 1792 597 1859 pecunia
613 1793 732 1861 primum
750 1798 807 1857 est;

50 1868 148 1923 Virtus
163 1872 227 1937 post
243 1868 389 1922 nummos.”
426 1868 504 1921 Haec
522 1868 611 1921 Jauus
628 1884 750 1921 summus
768 1869 803 1921 ab
822 1870 882 1920 into

51 1944 193 2011 Perdocet,
210 1945 278 1998 haec
295 1945 422 1998 recinunt
435 1942 552 2011 juvenes
569 1943 674 1997 dictata
691 1960 833 2012 senesque,
883 1964 908 1999 a.

50 2020 140 2074 Laevo
157 2021 282 2088 suspensi
299 2020 401 2074 loculos
417 2017 595 2086 tabulamque
611 2018 719 2072 lacerto.

49 2096 100 2150 Est
117 2097 222 2148 animus
239 2095 299 2160 tibi,
318 2098 383 2148 sunt
400 2110 490 2147 mores
506 2097 537 2148 et
554 2094 647 2162 lingua
664 2094 802 2163 fidesqu03

49 2171 104 2225 Sed
121 2171 329 2240 quadringentis
346 2186 395 2224 sex
413 2173 520 2237 septem
537 2170 613 2223 milia
630 2169 738 2238 desunt,
795 2199 801 2207 ·

49 2247 131 2301 Plebs
148 2247 210 2301 eris.
245 2249 286 2301 At
302 2246 380 2315 pueri
398 2245 534 2313 ludentes,
553 2245 636 2299 “Rex
652 2244 727 2310 eris,”
745 2246 830 2315 suunt,

49 2317 96 2377 '‘Si
113 2328 190 2377 recte
207 2322 312 2376 facies?
349 2322 405 2375 Hic
421 2338 516 2375 murus
534 2326 635 2375 aeneus
652 2325 720 2389 esto,
882 2342 905 2379 e,

49 2399 96 2453 Nil
113 2400 234 2453 conscire
252 2398 311 2466 sibi,
328 2397 405 2451 nulla
421 2397 571 2466 pallescere
588 2398 675 2466 culpa

50 2475 153 2543 Roscia,
171 2475 216 2528 dic
233 2475 320 2540 sodes,
338 2473 435 2527 melior
452 2472 497 2525 lex
516 2489 551 2525 an
568 2489 715 2541 puerorum
732 2476 776 2528 est

48 2550 144 2618 Nenia,
161 2567 232 2619 quae
249 2565 363 2617 regnum
380 2551 456 2602 recte
473 2548 638 2601 facientibus
656 2548 743 2616 offert,

48 2626 85 2680 Ει
101 2626 222 2679 maribus
240 2626 330 2679 Curiis
347 2628 378 2678 et
394 2624 541 2677 decantata
559 2623 696 2677 Camillisl

48 2702 112 2755 Isna
129 2702 182 2755 tibi
199 2701 296 2754 melius
314 2699 412 2754 suadet
430 2699 478 2768 qui
496 2716 555 2752 rem
572 2699 662 2763 facias,
680 2716 746 2765 rem,
878 2718 905 2758 ss

48 2776 77 2828 Si
94 2776 181 2842 possis
197 2780 280 2841 recte,
298 2776 321 2827 si
338 2790 392 2827 non
410 2792 572 2842 quocunque
590 2775 671 2827 modo
688 2791 784 2845 rem,

50 2849 89 2900 Ut
104 2849 215 2932 propius
233 2853 340 2913 spectes
357 2849 500 2901 lacrimosa
517 2853 645 2916 polimate
662 2849 741 2918 Pupi,

48 2922 94 2971 An
111 2921 159 2985 qui
176 2920 314 2973 Fortunae
330 2925 360 2974 te
377 2939 538 2989 responsare
557 2924 690 2991 superbae

49 2991 177 3043 Liberum
195 2997 224 3043 et
242 2997 363 3045 erectum
380 3012 509 3063 praesens
526 2996 655 3051 hortatur
671 3002 701 3051 et
718 2974 867 3066 ιιριιιιιῙᾺΙΙ

49 3063 152 3125 Quodsi
168 3078 213 3115 me
230 3066 346 3132 populus
364 3067 502 3121 Romanus
519 3070 591 3124 forte
608 3077 696 3145 roget,
714 3089 763 3128 cur
803 3080 808 3085 '
876 3094 905 3137 :a
