2025 3409
380 57 651 109 1001000011Ιο
671 62 694 108 5.
915 58 959 105 111

103 135 219 190 Primus
236 136 407 191 0110000100
424 137 504 205 piper
522 137 614 190 album
631 153 692 191 cnm
711 137 766 191 sale
783 136 860 205 nigro

103 210 250 265 incretum
267 207 343 280 puris
361 212 585 280 circumposuisse
602 213 707 266 catillis.
936 226 959 267 71

104 286 234 340 Immune
252 290 295 340 est
312 288 408 340 vitium
426 288 494 342 dare
512 288 596 341 millia
613 292 692 341 terna
708 287 821 341 macello

103 364 292 431 Angustoque
308 380 392 431 vagos
408 364 495 432 pisces
513 381 611 433 urgere
628 365 726 418 catino.

103 434 210 503 Magna
226 440 319 491 movet
337 439 475 492 stomacho
491 439 610 507 fastidia,
630 456 679 493 seu
695 456 763 508 puer
780 437 869 491 unctis

103 510 246 565 Tractavit
264 512 374 567 calicem
391 515 517 567 manibus
535 514 600 568 dum
617 516 691 568 10010
708 515 815 582 ligurit;

4 601 9 612 ·
103 586 172 639 Sive
188 589 279 655 gravis
297 590 384 643 veteri
402 593 526 644 craterae
544 591 626 645 limus
643 592 775 645 adhaesit.
933 612 960 654 ac

103 661 216 716 Vilibus
233 664 263 716 in
280 666 375 733 scopis,
392 666 422 719 in
439 667 552 735 mappis,
570 667 599 721 10
616 668 696 721 scobe
714 670 831 736 quantus

102 738 241 793 Consistit
258 743 399 809 sumptusi
435 741 462 796 N
463 743 576 809 eglectis
593 743 727 811 flagitium
745 744 848 809 ingens.

102 814 164 867 Ten
181 815 288 883 lapides
305 818 394 871 varios
411 817 549 872 lutulenta
566 818 665 873 radere
683 819 773 889 palum

102 890 143 944 Et
163 890 257 959 Tyrias
274 892 342 947 dare
360 894 462 947 circum
479 894 567 948 inluta
583 895 682 949 toralia
698 898 793 961 vestes,

102 966 230 1020 Oblitum
249 973 351 1036 quanto
369 986 461 1024 curam
480 974 674 1040 sumptumque
691 964 824 1024 minorem
932 984 956 1022 ss

103 1042 184 1096 Haec
202 1044 322 1099 habeant
339 1049 417 1099 tanto
431 1047 597 1115 reprehendi
610 1047 713 1115 justius
731 1046 785 1100 illis

103 1118 182 1181 Quae
200 1120 254 1173 nisi
272 1120 404 1175 divitibus
422 1126 561 1192 nequeant
578 1124 735 1191 contingere
753 1118 886 1174 mensisi”

102 1193 212 1248 “Docte
231 1195 300 1264 Cati,
317 1214 368 1266 per
385 1198 533 1252 amicitiam
552 1198 682 1267 dirosque
700 1201 818 1265 rogatus,

101 1267 214 1324 Ducere
231 1288 276 1325 me
293 1273 418 1327 auditum
436 1290 535 1341 perges
553 1290 714 1342 quocunque
732 1274 875 1326 memento.

100 1345 177 1399 Nam
195 1348 320 1414 quamvis
336 1349 450 1403 memori
468 1350 571 1403 referas
589 1349 656 1402 mihi
673 1352 783 1417 pectore
800 1350 904 1414 cuncta,
932 1362 956 1401 00

100 1421 168 1475 Non
185 1426 279 1476 tamen
296 1424 434 1492 interpres
451 1425 614 1478 tantundem
628 1424 741 1493 juveris.
777 1422 859 1476 Adde

100 1497 221 1552 Vultum
239 1498 419 1569 habitumque
436 1500 560 1566 hominis,
581 1517 663 1569 quem
680 1503 713 1553 tu
730 1499 831 1551 vidisse
849 1498 945 1551 beatus

100 1572 128 1625 N
130 1590 167 1626 on
184 1575 276 1642 magni
294 1575 392 1643 pendis
410 1576 475 1646 quia
492 1577 623 1643 coutigit;
641 1578 670 1629 at
688 1574 754 1628 mihi
771 1590 837 1627 cura

100 1648 128 1702 N
130 1666 166 1702 on
183 1651 330 1704 mediocris
347 1652 427 1719 inest,
444 1652 535 1706 fontes
552 1658 585 1706 ut
602 1652 679 1705 adire
696 1654 814 1703 remotos

100 1727 200 1794 Atque
217 1726 328 1781 haurire
346 1744 445 1796 queam
463 1729 537 1782 vitae
555 1732 702 1797 praccepta
718 1724 836 1780 beatae?
932 1740 957 1780 cs

516 1868 550 1921 V.

99 1950 190 2004 “Hoc
208 1967 325 2019 qnoque,
343 1950 454 2016 Tiresia,
472 1955 583 2019 praeter
600 1954 711 2004 narrata
727 1947 833 2018 petenti

100 2024 259 2094 Responde,
278 2027 377 2095 quibus
394 2028 508 2079 amissas
526 2042 653 2096 reparare
671 2042 769 2095 queam
786 2041 831 2077 res

99 2101 220 2155 Artibus
238 2107 321 2169 atque
338 2100 435 2155 modis.
471 2102 546 2166 Quid
562 2102 672 2155 rides'i''
708 2101 830 2153 “Jamne
848 2099 941 2153 doloso

99 2175 165 2229 Non
184 2176 251 2230 satis
269 2180 312 2231 est
331 2176 454 2230 Ithacam
473 2177 567 2231 revehi
585 2177 741 2245 patriosque
758 2180 872 2243 penates

100 2252 295 2321 suspicarer
332 2252 379 2305 “O
397 2253 464 2306 00111
483 2253 633 2321 quidquam
650 2251 773 2316 mentite,
791 2250 867 2304 vides
885 2256 917 2303 01
942 2266 953 2305 5

98 2327 202 2382 Nudus
219 2329 351 2399 inopsque
370 2330 482 2382 domum
499 2329 619 2396 redeam,
638 2332 668 2381 te
684 2331 753 2392 vate,
771 2343 860 2395 neque
877 2327 931 2380 illic

98 2406 161 2458 Aut
179 2406 312 2471 apotheca
328 2404 418 2473 procis
435 2405 540 2458 intacta
557 2408 600 2457 est
618 2409 665 2459 001
682 2419 779 2472 pecus;
797 2403 874 2469 atqui

98 2480 137 2534 Et
155 2497 243 2549 genus
262 2485 290 2535 ct
311 2481 396 2535 virtus
415 2480 467 2534 0101
484 2497 547 2534 cum
564 2496 594 2534 re
612 2479 690 2533 vilior
707 2480 768 2547 alga
785 2478 849 2532 est.”

98 2556 239 2621 “Quando
256 2556 422 2625 pauperiem,
440 2556 531 2610 missis
548 2555 715 2623 ambagibus,
733 2555 835 2621 horres,

99 2632 205 2701 Accipe
224 2649 279 2701 qua
296 2632 403 2686 ratione
423 2649 506 2702 queas
526 2632 666 2686 ditescere.
702 2630 810 2683 Turdus
936 2654 958 2695 1⁰

98 2710 164 2763 Sive
181 2708 257 2762 aliud
275 2709 382 2776 privum
401 2708 513 2762 dabitur
529 2709 589 2775 tibi,
608 2709 717 2761 devolet
733 2707 797 2759 illuc

98 2785 158 2839 Res
174 2784 223 2837 ubi
241 2800 340 2851 magna
356 2784 427 2837 nitet
445 2783 555 2838 domino
574 2801 651 2848 seue;
669 2783 758 2836 dulcia
774 2798 855 2850 poma

98 2861 137 2915 Et
154 2875 332 2928 0000000000
349 2859 422 2912 feret
439 2860 528 2913 cultus
546 2860 598 2913 tibi
616 2859 716 2913 fundus
734 2858 850 2910 honores

98 2938 176 2991 Ante
195 2935 294 2989 Larem
312 2938 406 3002 gustet
424 2935 605 2989 venerabilior
623 2935 693 2989 Lare
711 2934 802 2998 divcs;

96 3011 153 3075 Qui
171 3011 296 3080 quamvis
313 3010 441 3078 perjurus
459 3011 519 3076 crit,
538 3010 596 3064 sine
613 3014 702 3077 geute,
720 3012 850 3061 cruentus
931 3018 955 3063 u

96 3086 238 3156 Sanguine
255 3086 385 3154 fraterno,
403 3085 543 3153 fugitivus,
562 3100 596 3137 ne
614 3088 706 3138 tamen
724 3082 763 3135 illi
