<?xml version="1.0" encoding="UTF-8"?>
<!DOCTYPE html PUBLIC "-//W3C//DTD XHTML 1.0 Transitional//EN"
    "http://www.w3.org/TR/xhtml1/DTD/xhtml1-transitional.dtd">
<html xmlns="http://www.w3.org/1999/xhtml" xml:lang="en" lang="en">
 <head>
  <title>
</title>
<meta http-equiv="Content-Type" content="text/html;charset=utf-8" />
  <meta name='ocr-system' content='tesseract 3.04.00' />
  <meta name='ocr-capabilities' content='ocr_page ocr_carea ocr_par ocr_line ocrx_word'/>
</head>
<body>
  <div class='ocr_page' id='page_1' title='image "./quintihoratiifl02maclgoog_0094.png"; bbox 0 0 2025 3409; ppageno 0'>
   <div class='ocr_carea' id='block_1_1' title="bbox 118 72 695 125">
    <p class='ocr_par' dir='ltr' id='par_1_1' title="bbox 118 72 695 125">
     <span class='ocr_line' id='line_1_1' title="bbox 118 72 695 125; baseline 0 -2"><span class='ocrx_word' id='word_1_1' title='bbox 118 78 149 125; x_wconf 76' lang='lat'>80</span> <span class='ocrx_word' id='word_1_2' title='bbox 391 72 547 123; x_wconf 81' lang='lat' dir='ltr'><strong>HORATII</strong></span> <span class='ocrx_word' id='word_1_3' title='bbox 564 73 695 123; x_wconf 77' lang='lat' dir='ltr'>FLACCI</span> 
     </span>
    </p>
   </div>
   <div class='ocr_carea' id='block_1_2' title="bbox 203 152 996 2555">
    <p class='ocr_par' dir='ltr' id='par_1_2' title="bbox 255 152 789 222">
     <span class='ocr_line' id='line_1_2' title="bbox 255 152 789 222; baseline -0.004 -14"><span class='ocrx_word' id='word_1_4' title='bbox 255 152 352 219; x_wconf 76' lang='lat' dir='ltr'>Multo,</span> <span class='ocrx_word' id='word_1_5' title='bbox 370 170 426 222; x_wconf 89' lang='lat' dir='ltr'>qua</span> <span class='ocrx_word' id='word_1_6' title='bbox 443 153 532 207; x_wconf 90' lang='lat' dir='ltr'>crines</span> <span class='ocrx_word' id='word_1_7' title='bbox 548 154 666 221; x_wconf 80' lang='lat' dir='ltr'>religata</span> <span class='ocrx_word' id='word_1_8' title='bbox 682 154 789 221; x_wconf 75' lang='lat' dir='ltr'>fulges3</span> 
     </span>
    </p>

    <p class='ocr_par' dir='ltr' id='par_1_3' title="bbox 256 228 772 296">
     <span class='ocr_line' id='line_1_3' title="bbox 256 228 772 296; baseline 0.002 -15"><span class='ocrx_word' id='word_1_9' title='bbox 256 228 342 282; x_wconf 86' lang='lat' dir='ltr'>Ridet</span> <span class='ocrx_word' id='word_1_10' title='bbox 359 233 473 296; x_wconf 87' lang='lat' dir='ltr'>argento</span> <span class='ocrx_word' id='word_1_11' title='bbox 491 228 606 294; x_wconf 82' lang='lat' dir='ltr'>domus3</span> <span class='ocrx_word' id='word_1_12' title='bbox 623 245 672 281; x_wconf 84' lang='lat' dir='ltr'>ora</span> <span class='ocrx_word' id='word_1_13' title='bbox 688 229 772 283; x_wconf 78' lang='lat' dir='ltr'>costis</span> 
     </span>
    </p>

    <p class='ocr_par' dir='ltr' id='par_1_4' title="bbox 256 304 740 447">
     <span class='ocr_line' id='line_1_4' title="bbox 256 304 740 357; baseline 0.002 -1"><span class='ocrx_word' id='word_1_14' title='bbox 256 304 357 357; x_wconf 88' lang='lat' dir='ltr'>Vincta</span> <span class='ocrx_word' id='word_1_15' title='bbox 374 304 501 357; x_wconf 80' lang='lat' dir='ltr'>verbenis</span> <span class='ocrx_word' id='word_1_16' title='bbox 520 310 584 357; x_wconf 85' lang='lat' dir='ltr'>avet</span> <span class='ocrx_word' id='word_1_17' title='bbox 601 304 740 357; x_wconf 89' lang='lat' dir='ltr'>immolato</span> 
     </span>
     <span class='ocr_line' id='line_1_5' title="bbox 290 379 523 447; baseline -0.004 -14"><span class='ocrx_word' id='word_1_18' title='bbox 290 379 419 447; x_wconf 70' lang='lat' dir='ltr'>spargier</span> <span class='ocrx_word' id='word_1_19' title='bbox 435 394 523 447; x_wconf 79' lang='lat' dir='ltr'>agu03</span> 
     </span>
    </p>

    <p class='ocr_par' dir='ltr' id='par_1_5' title="bbox 256 455 811 521">
     <span class='ocr_line' id='line_1_6' title="bbox 256 455 811 521; baseline 0.002 -12"><span class='ocrx_word' id='word_1_20' title='bbox 256 455 360 509; x_wconf 81' lang='lat' dir='ltr'>Cuncta</span> <span class='ocrx_word' id='word_1_21' title='bbox 377 456 490 508; x_wconf 77' lang='lat' dir='ltr'><strong>festinat</strong></span> <span class='ocrx_word' id='word_1_22' title='bbox 509 472 612 521; x_wconf 86' lang='lat' dir='ltr'>manus,</span> <span class='ocrx_word' id='word_1_23' title='bbox 629 456 684 508; x_wconf 91' lang='lat' dir='ltr'>huo</span> <span class='ocrx_word' id='word_1_24' title='bbox 694 459 730 520; x_wconf 14' lang='lat' dir='ltr'>Uet</span> <span class='ocrx_word' id='word_1_25' title='bbox 747 456 811 511; x_wconf 86' lang='lat' dir='ltr'>illue</span> 
     </span>
    </p>

    <p class='ocr_par' dir='ltr' id='par_1_6' title="bbox 257 530 766 599">
     <span class='ocr_line' id='line_1_7' title="bbox 257 530 766 599; baseline 0 -16"><span class='ocrx_word' id='word_1_26' title='bbox 257 530 396 584; x_wconf 81' lang='lat' dir='ltr'>Cursitant</span> <span class='ocrx_word' id='word_1_27' title='bbox 412 530 516 583; x_wconf 79' lang='lat' dir='ltr'>nrixtae</span> <span class='ocrx_word' id='word_1_28' title='bbox 533 532 625 598; x_wconf 85' lang='lat' dir='ltr'>pueris</span> <span class='ocrx_word' id='word_1_29' title='bbox 643 531 766 599; x_wconf 77' lang='lat' dir='ltr'>puellue;</span> 
     </span>
    </p>

    <p class='ocr_par' dir='ltr' id='par_1_7' title="bbox 203 604 842 675">
     <span class='ocr_line' id='line_1_8' title="bbox 203 604 842 675; baseline -0.003 -12"><span class='ocrx_word' id='word_1_30' title='bbox 203 656 206 663; x_wconf 90' lang='lat'>.</span> <span class='ocrx_word' id='word_1_31' title='bbox 256 604 402 660; x_wconf 77' lang='lat' dir='ltr'>Sordidum</span> <span class='ocrx_word' id='word_1_32' title='bbox 419 604 545 659; x_wconf 81' lang='lat' dir='ltr'>flammae</span> <span class='ocrx_word' id='word_1_33' title='bbox 561 605 703 675; x_wconf 79' lang='lat' dir='ltr'>trepidant</span> <span class='ocrx_word' id='word_1_34' title='bbox 719 610 842 661; x_wconf 82' lang='lat' dir='ltr'>rotantes</span> 
     </span>
    </p>

    <p class='ocr_par' dir='ltr' id='par_1_8' title="bbox 290 682 530 735">
     <span class='ocr_line' id='line_1_9' title="bbox 290 682 530 735; baseline 0.004 -2"><span class='ocrx_word' id='word_1_35' title='bbox 290 682 401 735; x_wconf 87' lang='lat' dir='ltr'>Vertice</span> <span class='ocrx_word' id='word_1_36' title='bbox 418 682 530 735; x_wconf 69' lang='lat' dir='ltr'>sumunt.</span> 
     </span>
    </p>

    <p class='ocr_par' dir='ltr' id='par_1_9' title="bbox 255 757 766 826">
     <span class='ocr_line' id='line_1_10' title="bbox 255 757 766 826; baseline 0.004 -15"><span class='ocrx_word' id='word_1_37' title='bbox 255 757 296 811; x_wconf 89' lang='lat' dir='ltr'>Ut</span> <span class='ocrx_word' id='word_1_38' title='bbox 311 761 403 811; x_wconf 85' lang='lat' dir='ltr'>tamen</span> <span class='ocrx_word' id='word_1_39' title='bbox 421 758 494 810; x_wconf 87' lang='lat' dir='ltr'>noris</span> <span class='ocrx_word' id='word_1_40' title='bbox 512 757 611 826; x_wconf 85' lang='lat' dir='ltr'>quibus</span> <span class='ocrx_word' id='word_1_41' title='bbox 627 758 766 813; x_wconf 82' lang='lat' dir='ltr'>advoceris</span> 
     </span>
    </p>

    <p class='ocr_par' dir='ltr' id='par_1_10' title="bbox 256 832 762 901">
     <span class='ocr_line' id='line_1_11' title="bbox 256 832 762 901; baseline 0 -14"><span class='ocrx_word' id='word_1_42' title='bbox 256 833 377 900; x_wconf 81' lang='lat' dir='ltr'>Geudiis,</span> <span class='ocrx_word' id='word_1_43' title='bbox 396 833 463 886; x_wconf 85' lang='lat' dir='ltr'>Idus</span> <span class='ocrx_word' id='word_1_44' title='bbox 480 832 533 885; x_wconf 90' lang='lat' dir='ltr'>tibi</span> <span class='ocrx_word' id='word_1_45' title='bbox 550 834 762 901; x_wconf 68' lang='lat' dir='ltr'>contegendam,</span> 
     </span>
    </p>

    <p class='ocr_par' dir='ltr' id='par_1_11' title="bbox 256 908 795 1052">
     <span class='ocr_line' id='line_1_12' title="bbox 256 908 795 973; baseline 0.007 -13"><span class='ocrx_word' id='word_1_46' title='bbox 256 908 309 973; x_wconf 83' lang='lat' dir='ltr'>Qui</span> <span class='ocrx_word' id='word_1_47' title='bbox 326 908 385 961; x_wconf 86' lang='lat' dir='ltr'>dies</span> <span class='ocrx_word' id='word_1_48' title='bbox 402 924 523 961; x_wconf 87' lang='lat' dir='ltr'>mensem</span> <span class='ocrx_word' id='word_1_49' title='bbox 541 908 658 963; x_wconf 83' lang='lat' dir='ltr'>Veneris</span> <span class='ocrx_word' id='word_1_50' title='bbox 675 910 795 965; x_wconf 80' lang='lat' dir='ltr'>marinae</span> 
     </span>
     <span class='ocr_line' id='line_1_13' title="bbox 289 983 540 1052; baseline -0.008 -15"><span class='ocrx_word' id='word_1_51' title='bbox 289 983 384 1037; x_wconf 84' lang='lat' dir='ltr'>Findit</span> <span class='ocrx_word' id='word_1_52' title='bbox 403 984 540 1052; x_wconf 87' lang='lat' dir='ltr'>Aprilem;</span> 
     </span>
    </p>

    <p class='ocr_par' dir='ltr' id='par_1_12' title="bbox 254 1059 753 1129">
     <span class='ocr_line' id='line_1_14' title="bbox 254 1059 753 1129; baseline 0.004 -17"><span class='ocrx_word' id='word_1_53' title='bbox 254 1060 324 1113; x_wconf 91' lang='lat' dir='ltr'>Jure</span> <span class='ocrx_word' id='word_1_54' title='bbox 342 1059 478 1113; x_wconf 83' lang='lat' dir='ltr'>sollemnis</span> <span class='ocrx_word' id='word_1_55' title='bbox 496 1060 564 1111; x_wconf 91' lang='lat' dir='ltr'>mihi</span> <span class='ocrx_word' id='word_1_56' title='bbox 582 1061 753 1129; x_wconf 81' lang='lat' dir='ltr'><strong>sanctiorque</strong></span> 
     </span>
    </p>

    <p class='ocr_par' dir='ltr' id='par_1_13' title="bbox 255 1134 797 1203">
     <span class='ocr_line' id='line_1_15' title="bbox 255 1134 797 1203; baseline 0 -14"><span class='ocrx_word' id='word_1_57' title='bbox 255 1135 346 1189; x_wconf 88' lang='lat' dir='ltr'>Paene</span> <span class='ocrx_word' id='word_1_58' title='bbox 363 1134 447 1187; x_wconf 88' lang='lat' dir='ltr'>natali</span> <span class='ocrx_word' id='word_1_59' title='bbox 465 1135 583 1203; x_wconf 88' lang='lat' dir='ltr'>proprio,</span> <span class='ocrx_word' id='word_1_60' title='bbox 602 1136 676 1202; x_wconf 87' lang='lat' dir='ltr'>quod</span> <span class='ocrx_word' id='word_1_61' title='bbox 694 1153 728 1189; x_wconf 85' lang='lat' dir='ltr'>ex</span> <span class='ocrx_word' id='word_1_62' title='bbox 745 1137 797 1190; x_wconf 85' lang='lat' dir='ltr'>hac</span> 
     </span>
    </p>

    <p class='ocr_par' dir='ltr' id='par_1_14' title="bbox 253 1210 753 1339">
     <span class='ocr_line' id='line_1_16' title="bbox 253 1210 753 1266; baseline -0.002 -1"><span class='ocrx_word' id='word_1_63' title='bbox 253 1211 328 1266; x_wconf 84' lang='lat' dir='ltr'>Luce</span> <span class='ocrx_word' id='word_1_64' title='bbox 346 1210 490 1263; x_wconf 80' lang='lat' dir='ltr'>Maecenas</span> <span class='ocrx_word' id='word_1_65' title='bbox 507 1226 584 1263; x_wconf 86' lang='lat' dir='ltr'>meus</span> <span class='ocrx_word' id='word_1_66' title='bbox 601 1211 753 1265; x_wconf 84' lang='lat' dir='ltr'>adfluentes</span> 
     </span>
     <span class='ocr_line' id='line_1_17' title="bbox 288 1286 512 1339; baseline 0 0"><span class='ocrx_word' id='word_1_67' title='bbox 288 1286 405 1339; x_wconf 86' lang='lat' dir='ltr'>Ordiuat</span> <span class='ocrx_word' id='word_1_68' title='bbox 421 1301 512 1339; x_wconf 83' lang='lat' dir='ltr'>annos.</span> 
     </span>
    </p>

    <p class='ocr_par' dir='ltr' id='par_1_15' title="bbox 254 1361 818 1431">
     <span class='ocr_line' id='line_1_18' title="bbox 254 1361 818 1431; baseline 0.004 -16"><span class='ocrx_word' id='word_1_69' title='bbox 254 1362 410 1430; x_wconf 78' lang='lat' dir='ltr'>Telephum,</span> <span class='ocrx_word' id='word_1_70' title='bbox 429 1378 511 1431; x_wconf 77' lang='lat' dir='ltr'>quom</span> <span class='ocrx_word' id='word_1_71' title='bbox 528 1364 560 1415; x_wconf 91' lang='lat' dir='ltr'>tu</span> <span class='ocrx_word' id='word_1_72' title='bbox 577 1361 658 1429; x_wconf 83' lang='lat' dir='ltr'>petis,</span> <span class='ocrx_word' id='word_1_73' title='bbox 677 1364 818 1429; x_wconf 83' lang='lat' dir='ltr'>occupavit</span> 
     </span>
    </p>

    <p class='ocr_par' dir='ltr' id='par_1_16' title="bbox 253 1436 750 1505">
     <span class='ocr_line' id='line_1_19' title="bbox 253 1436 750 1505; baseline 0 -14"><span class='ocrx_word' id='word_1_74' title='bbox 253 1438 279 1491; x_wconf 91' lang='lat' dir='ltr'>N</span> <span class='ocrx_word' id='word_1_75' title='bbox 282 1454 316 1490; x_wconf 87' lang='lat' dir='ltr'>ou</span> <span class='ocrx_word' id='word_1_76' title='bbox 333 1442 397 1491; x_wconf 86' lang='lat' dir='ltr'>tuae</span> <span class='ocrx_word' id='word_1_77' title='bbox 416 1437 496 1490; x_wconf 89' lang='lat' dir='ltr'>sortis</span> <span class='ocrx_word' id='word_1_78' title='bbox 510 1436 641 1503; x_wconf 83' lang='lat' dir='ltr'>juvenem</span> <span class='ocrx_word' id='word_1_79' title='bbox 659 1437 750 1505; x_wconf 80' lang='lat' dir='ltr'>puella</span> 
     </span>
    </p>

    <p class='ocr_par' dir='ltr' id='par_1_17' title="bbox 253 1509 750 1649">
     <span class='ocr_line' id='line_1_20' title="bbox 253 1509 750 1581; baseline 0.002 -15"><span class='ocrx_word' id='word_1_80' title='bbox 253 1509 337 1567; x_wconf 68' lang='lat' dir='ltr'>Dives</span> <span class='ocrx_word' id='word_1_81' title='bbox 354 1517 384 1566; x_wconf 83' lang='lat' dir='ltr'>et</span> <span class='ocrx_word' id='word_1_82' title='bbox 401 1513 505 1579; x_wconf 86' lang='lat' dir='ltr'>lasciva,</span> <span class='ocrx_word' id='word_1_83' title='bbox 523 1515 654 1581; x_wconf 85' lang='lat' dir='ltr'>tenetque</span> <span class='ocrx_word' id='word_1_84' title='bbox 671 1517 750 1580; x_wconf 67' lang='lat' dir='ltr'>gratu</span> 
     </span>
     <span class='ocr_line' id='line_1_21' title="bbox 287 1581 570 1649; baseline -0.004 -16"><span class='ocrx_word' id='word_1_85' title='bbox 287 1582 425 1649; x_wconf 80' lang='lat' dir='ltr'>Compede</span> <span class='ocrx_word' id='word_1_86' title='bbox 443 1581 570 1634; x_wconf 88' lang='lat' dir='ltr'>vinctum.</span> 
     </span>
    </p>

    <p class='ocr_par' dir='ltr' id='par_1_18' title="bbox 252 1655 773 1718">
     <span class='ocr_line' id='line_1_22' title="bbox 252 1655 773 1718; baseline -0.004 -7"><span class='ocrx_word' id='word_1_87' title='bbox 252 1657 349 1711; x_wconf 76' lang='lat' dir='ltr'>&#39;Ferret</span> <span class='ocrx_word' id='word_1_88' title='bbox 366 1655 506 1710; x_wconf 88' lang='lat' dir='ltr'>ambustus</span> <span class='ocrx_word' id='word_1_89' title='bbox 526 1656 666 1718; x_wconf 73' lang='lat' dir='ltr'>Phaethon</span> <span class='ocrx_word' id='word_1_90' title='bbox 678 1673 773 1710; x_wconf 84' lang='lat' dir='ltr'>avarus</span> 
     </span>
    </p>

    <p class='ocr_par' dir='ltr' id='par_1_19' title="bbox 252 1732 852 1801">
     <span class='ocr_line' id='line_1_23' title="bbox 252 1732 852 1801; baseline 0.002 -15"><span class='ocrx_word' id='word_1_91' title='bbox 252 1732 327 1801; x_wconf 81' lang='lat' dir='ltr'>Spes,</span> <span class='ocrx_word' id='word_1_92' title='bbox 346 1736 375 1786; x_wconf 90' lang='lat' dir='ltr'>et</span> <span class='ocrx_word' id='word_1_93' title='bbox 393 1732 546 1799; x_wconf 84' lang='lat' dir='ltr'>exemplum</span> <span class='ocrx_word' id='word_1_94' title='bbox 563 1747 646 1798; x_wconf 84' lang='lat' dir='ltr'>grave</span> <span class='ocrx_word' id='word_1_95' title='bbox 663 1732 778 1800; x_wconf 84' lang='lat' dir='ltr'>praebet</span> <span class='ocrx_word' id='word_1_96' title='bbox 795 1733 852 1787; x_wconf 83' lang='lat' dir='ltr'>ales</span> 
     </span>
    </p>

    <p class='ocr_par' dir='ltr' id='par_1_20' title="bbox 252 1806 812 1952">
     <span class='ocr_line' id='line_1_24' title="bbox 252 1806 812 1875; baseline 0.002 -14"><span class='ocrx_word' id='word_1_97' title='bbox 252 1806 370 1875; x_wconf 77' lang='lat' dir='ltr'>Pegasus</span> <span class='ocrx_word' id='word_1_98' title='bbox 388 1812 529 1861; x_wconf 88' lang='lat' dir='ltr'>terrenum</span> <span class='ocrx_word' id='word_1_99' title='bbox 547 1807 667 1873; x_wconf 86' lang='lat' dir='ltr'>equitem</span> <span class='ocrx_word' id='word_1_100' title='bbox 683 1812 812 1875; x_wconf 74' lang='lat' dir='ltr'>gravatus</span> 
     </span>
     <span class='ocr_line' id='line_1_25' title="bbox 286 1883 532 1952; baseline -0.004 -16"><span class='ocrx_word' id='word_1_101' title='bbox 286 1883 532 1952; x_wconf 87' lang='lat' dir='ltr'>Bellerophontem,</span> 
     </span>
    </p>

    <p class='ocr_par' dir='ltr' id='par_1_21' title="bbox 252 1958 830 2028">
     <span class='ocr_line' id='line_1_26' title="bbox 252 1958 830 2028; baseline 0 -15"><span class='ocrx_word' id='word_1_102' title='bbox 252 1958 365 2027; x_wconf 83' lang='lat' dir='ltr'>Semper</span> <span class='ocrx_word' id='word_1_103' title='bbox 381 1963 413 2012; x_wconf 90' lang='lat' dir='ltr'>ut</span> <span class='ocrx_word' id='word_1_104' title='bbox 430 1963 459 2013; x_wconf 91' lang='lat' dir='ltr'>te</span> <span class='ocrx_word' id='word_1_105' title='bbox 477 1959 560 2026; x_wconf 74' lang='lat' dir='ltr'>digna</span> <span class='ocrx_word' id='word_1_106' title='bbox 577 1974 692 2028; x_wconf 87' lang='lat' dir='ltr'>sequare</span> <span class='ocrx_word' id='word_1_107' title='bbox 710 1962 739 2012; x_wconf 87' lang='lat' dir='ltr'>et</span> <span class='ocrx_word' id='word_1_108' title='bbox 755 1958 830 2013; x_wconf 82' lang='lat' dir='ltr'>ultra</span> 
     </span>
    </p>

    <p class='ocr_par' dir='ltr' id='par_1_22' title="bbox 252 2034 779 2102">
     <span class='ocr_line' id='line_1_27' title="bbox 252 2034 779 2102; baseline -0.002 -15"><span class='ocrx_word' id='word_1_109' title='bbox 252 2034 338 2097; x_wconf 83' lang='lat' dir='ltr'>Quum</span> <span class='ocrx_word' id='word_1_110' title='bbox 356 2034 420 2087; x_wconf 88' lang='lat' dir='ltr'>licet</span> <span class='ocrx_word' id='word_1_111' title='bbox 437 2050 547 2101; x_wconf 83' lang='lat' dir='ltr'>sperare</span> <span class='ocrx_word' id='word_1_112' title='bbox 564 2034 640 2087; x_wconf 79' lang='lat' dir='ltr'>nefus</span> <span class='ocrx_word' id='word_1_113' title='bbox 657 2034 779 2102; x_wconf 78' lang='lat' dir='ltr'>putando</span> 
     </span>
    </p>

    <p class='ocr_par' dir='ltr' id='par_1_23' title="bbox 251 2108 806 2237">
     <span class='ocr_line' id='line_1_28' title="bbox 251 2108 806 2177; baseline 0 -14"><span class='ocrx_word' id='word_1_114' title='bbox 251 2108 394 2176; x_wconf 86' lang='lat' dir='ltr'>Disperem</span> <span class='ocrx_word' id='word_1_115' title='bbox 411 2109 488 2162; x_wconf 76' lang='lat' dir='ltr'>uites.</span> <span class='ocrx_word' id='word_1_116' title='bbox 525 2111 586 2177; x_wconf 81' lang='lat' dir='ltr'>Age</span> <span class='ocrx_word' id='word_1_117' title='bbox 599 2108 666 2177; x_wconf 85' lang='lat' dir='ltr'>jam,</span> <span class='ocrx_word' id='word_1_118' title='bbox 684 2126 806 2163; x_wconf 87' lang='lat' dir='ltr'>meorum</span> 
     </span>
     <span class='ocr_line' id='line_1_29' title="bbox 286 2184 536 2237; baseline 0 -1"><span class='ocrx_word' id='word_1_119' title='bbox 286 2184 361 2237; x_wconf 86' lang='lat' dir='ltr'>Finis</span> <span class='ocrx_word' id='word_1_120' title='bbox 378 2200 536 2237; x_wconf 91' lang='lat' dir='ltr'>amorum-</span> 
     </span>
    </p>

    <p class='ocr_par' dir='ltr' id='par_1_24' title="bbox 250 2258 712 2328">
     <span class='ocr_line' id='line_1_30' title="bbox 250 2258 712 2328; baseline 0 -15"><span class='ocrx_word' id='word_1_121' title='bbox 250 2259 277 2313; x_wconf 90' lang='lat' dir='ltr'>N</span> <span class='ocrx_word' id='word_1_122' title='bbox 279 2276 313 2312; x_wconf 92' lang='lat' dir='ltr'>on</span> <span class='ocrx_word' id='word_1_123' title='bbox 330 2260 402 2313; x_wconf 90' lang='lat' dir='ltr'>enim</span> <span class='ocrx_word' id='word_1_124' title='bbox 419 2260 532 2328; x_wconf 85' lang='lat' dir='ltr'>posthac</span> <span class='ocrx_word' id='word_1_125' title='bbox 549 2258 602 2312; x_wconf 85' lang='lat' dir='ltr'>alia</span> <span class='ocrx_word' id='word_1_126' title='bbox 619 2259 712 2313; x_wconf 78' lang='lat' dir='ltr'>calebo</span> 
     </span>
    </p>

    <p class='ocr_par' dir='ltr' id='par_1_25' title="bbox 251 2334 995 2392">
     <span class='ocr_line' id='line_1_31' title="bbox 251 2334 995 2392; baseline -0.003 -3"><span class='ocrx_word' id='word_1_127' title='bbox 251 2335 522 2389; x_wconf 81' lang='lat' dir='ltr'>Femina-condisce</span> <span class='ocrx_word' id='word_1_128' title='bbox 540 2334 634 2387; x_wconf 84' lang='lat' dir='ltr'>modos</span> <span class='ocrx_word' id='word_1_129' title='bbox 651 2335 768 2388; x_wconf 83' lang='lat' dir='ltr'>amanda</span> <span class='ocrx_word' id='word_1_130' title='bbox 994 2387 995 2392; x_wconf 70' lang='grc'>,</span> 
     </span>
    </p>

    <p class='ocr_par' dir='ltr' id='par_1_26' title="bbox 250 2407 996 2555">
     <span class='ocr_line' id='line_1_32' title="bbox 250 2407 996 2478; baseline -0.001 -15"><span class='ocrx_word' id='word_1_131' title='bbox 250 2410 325 2463; x_wconf 88' lang='lat' dir='ltr'>Voce</span> <span class='ocrx_word' id='word_1_132' title='bbox 343 2427 411 2478; x_wconf 84' lang='lat' dir='ltr'>quos</span> <span class='ocrx_word' id='word_1_133' title='bbox 428 2410 546 2475; x_wconf 77' lang='lat' dir='ltr'>redda83</span> <span class='ocrx_word' id='word_1_134' title='bbox 563 2410 721 2463; x_wconf 88' lang='lat' dir='ltr'>minuentur</span> <span class='ocrx_word' id='word_1_135' title='bbox 737 2414 814 2465; x_wconf 85' lang='lat' dir='ltr'>atrae</span> <span class='ocrx_word' id='word_1_136' title='bbox 928 2419 949 2460; x_wconf 62' lang='grc' dir='ltr'>ὅ</span> <span class='ocrx_word' id='word_1_137' title='bbox 994 2407 996 2462; x_wconf 72' lang='lat'>3</span> 
     </span>
     <span class='ocr_line' id='line_1_33' title="bbox 283 2485 995 2555; baseline 0 -16"><span class='ocrx_word' id='word_1_138' title='bbox 283 2485 409 2540; x_wconf 82' lang='lat' dir='ltr'>Carmine</span> <span class='ocrx_word' id='word_1_139' title='bbox 426 2502 513 2555; x_wconf 74' lang='lat' dir='ltr'>curae.</span> <span class='ocrx_word' id='word_1_140' title='bbox 994 2493 995 2496; x_wconf 76' lang='grc'>’</span> 
     </span>
    </p>
   </div>
   <div class='ocr_carea' id='block_1_3' title="bbox 499 2635 568 2689">
    <p class='ocr_par' dir='ltr' id='par_1_27' title="bbox 499 2635 568 2689">
     <span class='ocr_line' id='line_1_34' title="bbox 499 2635 568 2689; baseline 0.014 -1"><span class='ocrx_word' id='word_1_141' title='bbox 499 2635 568 2689; x_wconf 92' lang='lat' dir='ltr'>XII.</span> 
     </span>
    </p>
   </div>
   <div class='ocr_carea' id='block_1_4' title="bbox 247 2718 995 3159">
    <p class='ocr_par' dir='ltr' id='par_1_28' title="bbox 247 2718 880 2786">
     <span class='ocr_line' id='line_1_35' title="bbox 247 2718 880 2786; baseline 0.002 -14"><span class='ocrx_word' id='word_1_142' title='bbox 247 2718 310 2773; x_wconf 73' lang='lat' dir='ltr'>Juu</span> <span class='ocrx_word' id='word_1_143' title='bbox 327 2719 399 2772; x_wconf 87' lang='lat' dir='ltr'>veris</span> <span class='ocrx_word' id='word_1_144' title='bbox 417 2719 529 2772; x_wconf 88' lang='lat' dir='ltr'>comites</span> <span class='ocrx_word' id='word_1_145' title='bbox 546 2735 616 2786; x_wconf 85' lang='lat' dir='ltr'>quae</span> <span class='ocrx_word' id='word_1_146' title='bbox 633 2735 709 2771; x_wconf 84' lang='lat' dir='ltr'>maro</span> <span class='ocrx_word' id='word_1_147' title='bbox 725 2723 880 2786; x_wconf 84' lang='lat' dir='ltr'>temperant</span> 
     </span>
    </p>

    <p class='ocr_par' dir='ltr' id='par_1_29' title="bbox 249 2793 786 2861">
     <span class='ocr_line' id='line_1_36' title="bbox 249 2793 786 2861; baseline -0.006 -14"><span class='ocrx_word' id='word_1_148' title='bbox 249 2794 399 2861; x_wconf 90' lang='lat' dir='ltr'>Impellunt</span> <span class='ocrx_word' id='word_1_149' title='bbox 415 2794 520 2846; x_wconf 84' lang='lat' dir='ltr'>animae</span> <span class='ocrx_word' id='word_1_150' title='bbox 537 2793 622 2847; x_wconf 83' lang='lat' dir='ltr'>lintea</span> <span class='ocrx_word' id='word_1_151' title='bbox 639 2793 786 2857; x_wconf 81' lang='lat' dir='ltr'>Thraciae;</span> 
     </span>
    </p>

    <p class='ocr_par' dir='ltr' id='par_1_30' title="bbox 247 2868 995 3009">
     <span class='ocr_line' id='line_1_37' title="bbox 247 2868 995 2937; baseline 0.007 -17"><span class='ocrx_word' id='word_1_152' title='bbox 247 2868 313 2921; x_wconf 64' lang='lat' dir='ltr'>«Iam</span> <span class='ocrx_word' id='word_1_153' title='bbox 330 2884 380 2921; x_wconf 90' lang='lat' dir='ltr'>nec</span> <span class='ocrx_word' id='word_1_154' title='bbox 397 2872 477 2935; x_wconf 82' lang='lat' dir='ltr'>prato</span> <span class='ocrx_word' id='word_1_155' title='bbox 493 2869 585 2935; x_wconf 85' lang='lat' dir='ltr'>rigent</span> <span class='ocrx_word' id='word_1_156' title='bbox 601 2884 651 2921; x_wconf 89' lang='lat' dir='ltr'>nee</span> <span class='ocrx_word' id='word_1_157' title='bbox 668 2868 743 2921; x_wconf 83' lang='lat' dir='ltr'>fluvii</span> <span class='ocrx_word' id='word_1_158' title='bbox 760 2872 888 2937; x_wconf 79' lang='lat' dir='ltr'>strepunt</span> <span class='ocrx_word' id='word_1_159' title='bbox 994 2913 995 2930; x_wconf 19' lang='grc' dir='ltr'><strong>ἶ</strong></span> 
     </span>
     <span class='ocr_line' id='line_1_38' title="bbox 282 2941 995 3009; baseline 0.001 -15"><span class='ocrx_word' id='word_1_160' title='bbox 282 2941 407 2995; x_wconf 81' lang='lat' dir='ltr'>Hiberna</span> <span class='ocrx_word' id='word_1_161' title='bbox 423 2942 485 2995; x_wconf 87' lang='lat' dir='ltr'>nive</span> <span class='ocrx_word' id='word_1_162' title='bbox 502 2942 613 3009; x_wconf 88' lang='lat' dir='ltr'>turgidi.</span> <span class='ocrx_word' id='word_1_163' title='bbox 994 2945 995 2960; x_wconf 65' lang='lat'>¹</span> 
     </span>
    </p>

    <p class='ocr_par' dir='ltr' id='par_1_31' title="bbox 248 3012 871 3108">
     <span class='ocr_line' id='line_1_39' title="bbox 248 3012 871 3108; baseline 0.007 -41"><span class='ocrx_word' id='word_1_164' title='bbox 248 3012 274 3067; x_wconf 86' lang='lat' dir='ltr'>N</span> <span class='ocrx_word' id='word_1_165' title='bbox 277 3016 352 3068; x_wconf 82' lang='lat' dir='ltr'>rdum</span> <span class='ocrx_word' id='word_1_166' title='bbox 368 3016 450 3101; x_wconf 78' lang='lat' dir='ltr'>pouit</span> <span class='ocrx_word' id='word_1_167' title='bbox 470 3016 533 3082; x_wconf 67' lang='lat' dir='ltr'>Itpm</span> <span class='ocrx_word' id='word_1_168' title='bbox 550 3017 676 3069; x_wconf 86' lang='lat' dir='ltr'>flebiliter</span> <span class='ocrx_word' id='word_1_169' title='bbox 692 3034 871 3108; x_wconf 79' lang='lat' dir='ltr'>gemeus,</span> 
     </span>
    </p>

    <p class='ocr_par' dir='ltr' id='par_1_32' title="bbox 249 3088 749 3159">
     <span class='ocr_line' id='line_1_40' title="bbox 249 3088 749 3159; baseline 0.01 -18"><span class='ocrx_word' id='word_1_170' title='bbox 249 3088 349 3141; x_wconf 83' lang='lat' dir='ltr'>Infelix</span> <span class='ocrx_word' id='word_1_171' title='bbox 366 3090 424 3140; x_wconf 83' lang='lat' dir='ltr'>uvis</span> <span class='ocrx_word' id='word_1_172' title='bbox 442 3093 470 3143; x_wconf 86' lang='lat' dir='ltr'>et</span> <span class='ocrx_word' id='word_1_173' title='bbox 488 3091 634 3159; x_wconf 81' lang='lat' dir='ltr'>Cecropiae</span> <span class='ocrx_word' id='word_1_174' title='bbox 651 3091 749 3146; x_wconf 82' lang='lat' dir='ltr'>domus</span> 
     </span>
    </p>
   </div>
   <div class='ocr_carea' id='block_1_5' title="bbox 0 0 1018 3409">
    <p class='ocr_par' dir='ltr' id='par_1_33' title="bbox 0 0 1018 3409">
     <span class='ocr_line' id='line_1_41' title="bbox 0 0 1018 3409; baseline 0 2"><span class='ocrx_word' id='word_1_175' title='bbox 0 0 1018 3409; x_wconf 95' lang='lat' dir='ltr'> </span> 
     </span>
    </p>
   </div>
  </div>
 </body>
</html>
