<?xml version="1.0" encoding="UTF-8"?>
<!DOCTYPE html PUBLIC "-//W3C//DTD XHTML 1.0 Transitional//EN"
    "http://www.w3.org/TR/xhtml1/DTD/xhtml1-transitional.dtd">
<html xmlns="http://www.w3.org/1999/xhtml" xml:lang="en" lang="en">
 <head>
  <title>
</title>
<meta http-equiv="Content-Type" content="text/html;charset=utf-8" />
  <meta name='ocr-system' content='tesseract 3.04.00' />
  <meta name='ocr-capabilities' content='ocr_page ocr_carea ocr_par ocr_line ocrx_word'/>
</head>
<body>
  <div class='ocr_page' id='page_1' title='image "./quintihoratiifl02maclgoog_0197.png"; bbox 0 0 2025 3409; ppageno 0'>
   <div class='ocr_carea' id='block_1_1' title="bbox 326 66 933 119">
    <p class='ocr_par' dir='ltr' id='par_1_1' title="bbox 326 66 933 119">
     <span class='ocr_line' id='line_1_1' title="bbox 326 66 933 119; baseline -0.007 -2"><span class='ocrx_word' id='word_1_1' title='bbox 326 69 582 118; x_wconf 77' lang='lat' dir='ltr'><strong>EPISTULARUM</strong></span> <span class='ocrx_word' id='word_1_2' title='bbox 594 70 617 119; x_wconf 91' lang='lat'>1.</span> <span class='ocrx_word' id='word_1_3' title='bbox 632 70 670 118; x_wconf 83' lang='lat'>19.</span> <span class='ocrx_word' id='word_1_4' title='bbox 888 66 933 114; x_wconf 80' lang='lat' dir='ltr'>lta</span> 
     </span>
    </p>
   </div>
   <div class='ocr_carea' id='block_1_2' title="bbox 4 146 975 1503">
    <p class='ocr_par' dir='ltr' id='par_1_2' title="bbox 4 146 975 1503">
     <span class='ocr_line' id='line_1_2' title="bbox 79 146 933 218; baseline 0 -15"><span class='ocrx_word' id='word_1_5' title='bbox 79 148 206 218; x_wconf 83' lang='lat' dir='ltr'>Occupat</span> <span class='ocrx_word' id='word_1_6' title='bbox 223 146 331 202; x_wconf 90' lang='lat' dir='ltr'>obscuri</span> <span class='ocrx_word' id='word_1_7' title='bbox 349 148 475 217; x_wconf 87' lang='lat' dir='ltr'>speciem,</span> <span class='ocrx_word' id='word_1_8' title='bbox 492 148 645 203; x_wconf 72' lang='lat' dir='ltr'><strong>taciturnus</strong></span> <span class='ocrx_word' id='word_1_9' title='bbox 662 146 759 203; x_wconf 84' lang='lat' dir='ltr'>acerbi.</span> <span class='ocrx_word' id='word_1_10' title='bbox 910 155 933 192; x_wconf 69' lang='lat'>⁰⁵</span> 
     </span>
     <span class='ocr_line' id='line_1_3' title="bbox 79 223 748 293; baseline -0.004 -15"><span class='ocrx_word' id='word_1_11' title='bbox 79 223 162 278; x_wconf 83' lang='lat' dir='ltr'><strong>Inter</strong></span> <span class='ocrx_word' id='word_1_12' title='bbox 179 227 278 278; x_wconf 90' lang='lat' dir='ltr'>cuncta</span> <span class='ocrx_word' id='word_1_13' title='bbox 294 224 369 291; x_wconf 86' lang='lat' dir='ltr'>leges</span> <span class='ocrx_word' id='word_1_14' title='bbox 386 229 416 278; x_wconf 94' lang='lat' dir='ltr'>et</span> <span class='ocrx_word' id='word_1_15' title='bbox 433 224 629 293; x_wconf 75' lang='lat' dir='ltr'>percontabere</span> <span class='ocrx_word' id='word_1_16' title='bbox 647 223 748 288; x_wconf 87' lang='lat' dir='ltr'>doctos,</span> 
     </span>
     <span class='ocr_line' id='line_1_4' title="bbox 6 300 777 368; baseline -0.003 -15"><span class='ocrx_word' id='word_1_17' title='bbox 6 344 17 367; x_wconf 49' lang='lat'>4</span> <span class='ocrx_word' id='word_1_18' title='bbox 80 300 144 363; x_wconf 87' lang='lat' dir='ltr'>Qua</span> <span class='ocrx_word' id='word_1_19' title='bbox 160 300 267 353; x_wconf 88' lang='lat' dir='ltr'>ratione</span> <span class='ocrx_word' id='word_1_20' title='bbox 285 316 370 368; x_wconf 88' lang='lat' dir='ltr'>queas</span> <span class='ocrx_word' id='word_1_21' title='bbox 387 300 533 353; x_wconf 79' lang='lat' dir='ltr'>traducere</span> <span class='ocrx_word' id='word_1_22' title='bbox 550 300 650 353; x_wconf 89' lang='lat' dir='ltr'>leniter</span> <span class='ocrx_word' id='word_1_23' title='bbox 667 314 777 362; x_wconf 66' lang='lat' dir='ltr'>aevum:</span> 
     </span>
     <span class='ocr_line' id='line_1_5' title="bbox 6 374 809 444; baseline -0.002 -16"><span class='ocrx_word' id='word_1_24' title='bbox 6 383 9 410; x_wconf 68' lang='lat'><em>³</em></span> <span class='ocrx_word' id='word_1_25' title='bbox 80 376 157 429; x_wconf 76' lang='lat' dir='ltr'>lium</span> <span class='ocrx_word' id='word_1_26' title='bbox 175 378 206 428; x_wconf 85' lang='lat' dir='ltr'>te</span> <span class='ocrx_word' id='word_1_27' title='bbox 223 391 331 443; x_wconf 78' lang='lat' dir='ltr'>semper</span> <span class='ocrx_word' id='word_1_28' title='bbox 348 376 428 444; x_wconf 90' lang='lat' dir='ltr'>inops</span> <span class='ocrx_word' id='word_1_29' title='bbox 445 376 532 443; x_wconf 82' lang='lat' dir='ltr'>agitet</span> <span class='ocrx_word' id='word_1_30' title='bbox 550 378 685 444; x_wconf 72' lang='lat' dir='ltr'>vexetque</span> <span class='ocrx_word' id='word_1_31' title='bbox 703 374 809 442; x_wconf 85' lang='lat' dir='ltr'>cupido,</span> 
     </span>
     <span class='ocr_line' id='line_1_6' title="bbox 80 449 830 520; baseline -0.004 -16"><span class='ocrx_word' id='word_1_32' title='bbox 80 452 157 504; x_wconf 90' lang='lat' dir='ltr'>Num</span> <span class='ocrx_word' id='word_1_33' title='bbox 175 467 261 520; x_wconf 89' lang='lat' dir='ltr'>pavor</span> <span class='ocrx_word' id='word_1_34' title='bbox 278 454 308 505; x_wconf 85' lang='lat' dir='ltr'>et</span> <span class='ocrx_word' id='word_1_35' title='bbox 324 467 416 505; x_wconf 89' lang='lat' dir='ltr'>rerum</span> <span class='ocrx_word' id='word_1_36' title='bbox 434 451 610 505; x_wconf 77' lang='lat' dir='ltr'>mediocriter</span> <span class='ocrx_word' id='word_1_37' title='bbox 626 449 735 503; x_wconf 91' lang='lat' dir='ltr'>utilium</span> <span class='ocrx_word' id='word_1_38' title='bbox 754 466 830 517; x_wconf 83' lang='lat' dir='ltr'>spes;</span> 
     </span>
     <span class='ocr_line' id='line_1_7' title="bbox 82 525 937 595; baseline -0.001 -17"><span class='ocrx_word' id='word_1_39' title='bbox 82 526 226 579; x_wconf 76' lang='lat' dir='ltr'>Virtutem</span> <span class='ocrx_word' id='word_1_40' title='bbox 244 525 369 579; x_wconf 89' lang='lat' dir='ltr'>doctrina</span> <span class='ocrx_word' id='word_1_41' title='bbox 385 531 472 595; x_wconf 89' lang='lat' dir='ltr'>paret,</span> <span class='ocrx_word' id='word_1_42' title='bbox 490 530 625 580; x_wconf 81' lang='lat' dir='ltr'>naturane</span> <span class='ocrx_word' id='word_1_43' title='bbox 643 525 742 589; x_wconf 75' lang='lat' dir='ltr'>donet,</span> <span class='ocrx_word' id='word_1_44' title='bbox 904 538 937 578; x_wconf 81' lang='lat' dir='ltr'>rm</span> 
     </span>
     <span class='ocr_line' id='line_1_8' title="bbox 82 601 847 671; baseline -0.001 -18"><span class='ocrx_word' id='word_1_45' title='bbox 82 601 157 665; x_wconf 84' lang='lat' dir='ltr'>Quid</span> <span class='ocrx_word' id='word_1_46' title='bbox 175 602 282 654; x_wconf 89' lang='lat' dir='ltr'>minuat</span> <span class='ocrx_word' id='word_1_47' title='bbox 297 617 384 666; x_wconf 88' lang='lat' dir='ltr'>curas,</span> <span class='ocrx_word' id='word_1_48' title='bbox 402 602 470 671; x_wconf 91' lang='lat' dir='ltr'>quid</span> <span class='ocrx_word' id='word_1_49' title='bbox 486 606 516 656; x_wconf 91' lang='lat' dir='ltr'>te</span> <span class='ocrx_word' id='word_1_50' title='bbox 533 602 584 657; x_wconf 92' lang='lat' dir='ltr'>tibi</span> <span class='ocrx_word' id='word_1_51' title='bbox 602 601 702 656; x_wconf 88' lang='lat' dir='ltr'>reddat</span> <span class='ocrx_word' id='word_1_52' title='bbox 719 601 847 668; x_wconf 76' lang='lat' dir='ltr'>amicum3</span> 
     </span>
     <span class='ocr_line' id='line_1_9' title="bbox 82 676 831 746; baseline -0.001 -17"><span class='ocrx_word' id='word_1_53' title='bbox 82 676 157 741; x_wconf 92' lang='lat' dir='ltr'>Quid</span> <span class='ocrx_word' id='word_1_54' title='bbox 174 693 244 745; x_wconf 92' lang='lat' dir='ltr'>pure</span> <span class='ocrx_word' id='word_1_55' title='bbox 261 677 428 746; x_wconf 78' lang='lat' dir='ltr'>tranquillet,</span> <span class='ocrx_word' id='word_1_56' title='bbox 445 678 530 731; x_wconf 91' lang='lat' dir='ltr'>honos</span> <span class='ocrx_word' id='word_1_57' title='bbox 546 694 581 731; x_wconf 89' lang='lat' dir='ltr'>an</span> <span class='ocrx_word' id='word_1_58' title='bbox 599 678 679 731; x_wconf 85' lang='lat' dir='ltr'>dulce</span> <span class='ocrx_word' id='word_1_59' title='bbox 695 676 831 743; x_wconf 86' lang='lat' dir='ltr'>lucellum,</span> 
     </span>
     <span class='ocr_line' id='line_1_10' title="bbox 83 752 751 811; baseline 0.01 -7"><span class='ocrx_word' id='word_1_60' title='bbox 83 755 130 805; x_wconf 87' lang='lat' dir='ltr'>An</span> <span class='ocrx_word' id='word_1_61' title='bbox 148 755 285 805; x_wconf 89' lang='lat' dir='ltr'>secretum</span> <span class='ocrx_word' id='word_1_62' title='bbox 301 752 356 805; x_wconf 89' lang='lat' dir='ltr'>iter</span> <span class='ocrx_word' id='word_1_63' title='bbox 373 756 403 805; x_wconf 88' lang='lat' dir='ltr'>et</span> <span class='ocrx_word' id='word_1_64' title='bbox 418 752 539 807; x_wconf 78' lang='lat' dir='ltr'>fallentis</span> <span class='ocrx_word' id='word_1_65' title='bbox 557 754 655 807; x_wconf 87' lang='lat' dir='ltr'>semita</span> <span class='ocrx_word' id='word_1_66' title='bbox 671 752 751 811; x_wconf 79' lang='lat' dir='ltr'>ritae¹</span> 
     </span>
     <span class='ocr_line' id='line_1_11' title="bbox 83 827 733 897; baseline 0.003 -17"><span class='ocrx_word' id='word_1_67' title='bbox 83 828 131 880; x_wconf 83' lang='lat' dir='ltr'>llio</span> <span class='ocrx_word' id='word_1_68' title='bbox 148 828 258 895; x_wconf 88' lang='lat' dir='ltr'>quoties</span> <span class='ocrx_word' id='word_1_69' title='bbox 275 827 364 881; x_wconf 88' lang='lat' dir='ltr'>reficit</span> <span class='ocrx_word' id='word_1_70' title='bbox 380 828 488 895; x_wconf 84' lang='lat' dir='ltr'>gelidus</span> <span class='ocrx_word' id='word_1_71' title='bbox 505 829 635 897; x_wconf 80' lang='lat' dir='ltr'>Digentia</span> <span class='ocrx_word' id='word_1_72' title='bbox 651 829 733 895; x_wconf 86' lang='lat' dir='ltr'>rivus,</span> 
     </span>
     <span class='ocr_line' id='line_1_12' title="bbox 4 902 975 972; baseline -0.001 -16"><span class='ocrx_word' id='word_1_73' title='bbox 4 913 8 932; x_wconf 86' lang='lat'>¹</span> <span class='ocrx_word' id='word_1_74' title='bbox 84 903 173 966; x_wconf 89' lang='lat' dir='ltr'>Quem</span> <span class='ocrx_word' id='word_1_75' title='bbox 192 902 322 955; x_wconf 87' lang='lat' dir='ltr'>Mandela</span> <span class='ocrx_word' id='word_1_76' title='bbox 339 902 417 971; x_wconf 82' lang='lat' dir='ltr'>bibit,</span> <span class='ocrx_word' id='word_1_77' title='bbox 434 920 549 971; x_wconf 78' lang='lat' dir='ltr'>mgosus</span> <span class='ocrx_word' id='word_1_78' title='bbox 566 905 666 972; x_wconf 81' lang='lat' dir='ltr'>frigore</span> <span class='ocrx_word' id='word_1_79' title='bbox 683 918 776 972; x_wconf 75' lang='lat' dir='ltr'>pagus,</span> <span class='ocrx_word' id='word_1_80' title='bbox 902 916 935 955; x_wconf 80' lang='lat' dir='ltr'>sos</span> <span class='ocrx_word' id='word_1_81' title='bbox 972 958 975 963; x_wconf 67' lang='grc'><strong>,</strong></span> 
     </span>
     <span class='ocr_line' id='line_1_13' title="bbox 85 977 858 1048; baseline 0.004 -18"><span class='ocrx_word' id='word_1_82' title='bbox 85 977 158 1041; x_wconf 85' lang='lat' dir='ltr'>Quid</span> <span class='ocrx_word' id='word_1_83' title='bbox 176 979 279 1031; x_wconf 89' lang='lat' dir='ltr'>sentire</span> <span class='ocrx_word' id='word_1_84' title='bbox 296 981 397 1047; x_wconf 84' lang='lat' dir='ltr'>putasl</span> <span class='ocrx_word' id='word_1_85' title='bbox 421 981 489 1048; x_wconf 87' lang='lat' dir='ltr'>quid</span> <span class='ocrx_word' id='word_1_86' title='bbox 506 980 602 1046; x_wconf 89' lang='lat' dir='ltr'>credis,</span> <span class='ocrx_word' id='word_1_87' title='bbox 621 980 714 1048; x_wconf 88' lang='lat' dir='ltr'>amice,</span> <span class='ocrx_word' id='word_1_88' title='bbox 731 978 858 1047; x_wconf 80' lang='lat' dir='ltr'>precarii</span> 
     </span>
     <span class='ocr_line' id='line_1_14' title="bbox 85 1054 918 1122; baseline -0.002 -15"><span class='ocrx_word' id='word_1_89' title='bbox 85 1054 128 1107; x_wconf 83' lang='lat' dir='ltr'>Sit</span> <span class='ocrx_word' id='word_1_90' title='bbox 145 1054 213 1107; x_wconf 90' lang='lat' dir='ltr'>mihi</span> <span class='ocrx_word' id='word_1_91' title='bbox 231 1055 305 1122; x_wconf 89' lang='lat' dir='ltr'>quod</span> <span class='ocrx_word' id='word_1_92' title='bbox 321 1071 393 1108; x_wconf 92' lang='lat' dir='ltr'>nunc</span> <span class='ocrx_word' id='word_1_93' title='bbox 411 1059 462 1121; x_wconf 91' lang='lat' dir='ltr'>cst,</span> <span class='ocrx_word' id='word_1_94' title='bbox 479 1056 562 1108; x_wconf 88' lang='lat' dir='ltr'>etiam</span> <span class='ocrx_word' id='word_1_95' title='bbox 580 1056 683 1120; x_wconf 91' lang='lat' dir='ltr'>minus;</span> <span class='ocrx_word' id='word_1_96' title='bbox 700 1059 729 1109; x_wconf 91' lang='lat' dir='ltr'>et</span> <span class='ocrx_word' id='word_1_97' title='bbox 746 1054 811 1107; x_wconf 89' lang='lat' dir='ltr'>mihi</span> <span class='ocrx_word' id='word_1_98' title='bbox 830 1054 918 1106; x_wconf 87' lang='lat' dir='ltr'>vivam</span> 
     </span>
     <span class='ocr_line' id='line_1_15' title="bbox 4 1128 854 1203; baseline -0.001 -21"><span class='ocrx_word' id='word_1_99' title='bbox 4 1186 11 1203; x_wconf 82' lang='lat'>.-</span> <span class='ocrx_word' id='word_1_100' title='bbox 86 1129 165 1193; x_wconf 90' lang='lat' dir='ltr'>Quod</span> <span class='ocrx_word' id='word_1_101' title='bbox 183 1133 309 1198; x_wconf 89' lang='lat' dir='ltr'>superest</span> <span class='ocrx_word' id='word_1_102' title='bbox 326 1130 395 1198; x_wconf 85' lang='lat' dir='ltr'>aeri,</span> <span class='ocrx_word' id='word_1_103' title='bbox 413 1131 436 1185; x_wconf 89' lang='lat' dir='ltr'>si</span> <span class='ocrx_word' id='word_1_104' title='bbox 454 1131 522 1199; x_wconf 89' lang='lat' dir='ltr'>quid</span> <span class='ocrx_word' id='word_1_105' title='bbox 540 1148 681 1199; x_wconf 81' lang='lat' dir='ltr'>superesse</span> <span class='ocrx_word' id='word_1_106' title='bbox 699 1130 794 1184; x_wconf 85' lang='lat' dir='ltr'>volunt</span> <span class='ocrx_word' id='word_1_107' title='bbox 811 1128 854 1195; x_wconf 89' lang='lat' dir='ltr'>di;</span> 
     </span>
     <span class='ocr_line' id='line_1_16' title="bbox 86 1205 821 1274; baseline -0.003 -15"><span class='ocrx_word' id='word_1_108' title='bbox 86 1206 128 1259; x_wconf 84' lang='lat' dir='ltr'>Sit</span> <span class='ocrx_word' id='word_1_109' title='bbox 145 1205 218 1258; x_wconf 88' lang='lat' dir='ltr'>bona</span> <span class='ocrx_word' id='word_1_110' title='bbox 234 1205 365 1259; x_wconf 87' lang='lat' dir='ltr'>librorum</span> <span class='ocrx_word' id='word_1_111' title='bbox 382 1210 412 1260; x_wconf 93' lang='lat' dir='ltr'>et</span> <span class='ocrx_word' id='word_1_112' title='bbox 429 1207 552 1274; x_wconf 82' lang='lat' dir='ltr'>provisae</span> <span class='ocrx_word' id='word_1_113' title='bbox 570 1207 656 1274; x_wconf 80' lang='lat' dir='ltr'>frugis</span> <span class='ocrx_word' id='word_1_114' title='bbox 673 1207 702 1260; x_wconf 92' lang='lat' dir='ltr'>in</span> <span class='ocrx_word' id='word_1_115' title='bbox 720 1221 821 1259; x_wconf 89' lang='lat' dir='ltr'>annum</span> 
     </span>
     <span class='ocr_line' id='line_1_17' title="bbox 86 1281 936 1352; baseline 0 -18"><span class='ocrx_word' id='word_1_116' title='bbox 86 1281 179 1349; x_wconf 85' lang='lat' dir='ltr'>Copia,</span> <span class='ocrx_word' id='word_1_117' title='bbox 196 1297 251 1335; x_wconf 90' lang='lat' dir='ltr'>neu</span> <span class='ocrx_word' id='word_1_118' title='bbox 267 1281 373 1335; x_wconf 87' lang='lat' dir='ltr'>fluitem</span> <span class='ocrx_word' id='word_1_119' title='bbox 390 1282 490 1335; x_wconf 79' lang='lat' dir='ltr'>dubiae</span> <span class='ocrx_word' id='word_1_120' title='bbox 507 1298 556 1349; x_wconf 89' lang='lat' dir='ltr'>spe</span> <span class='ocrx_word' id='word_1_121' title='bbox 574 1282 708 1352; x_wconf 88' lang='lat' dir='ltr'>pendulus</span> <span class='ocrx_word' id='word_1_122' title='bbox 725 1281 815 1334; x_wconf 73' lang='lat' dir='ltr'>horae,</span> <span class='ocrx_word' id='word_1_123' title='bbox 904 1296 936 1335; x_wconf 85' lang='lat' dir='ltr'>no</span> 
     </span>
     <span class='ocr_line' id='line_1_18' title="bbox 86 1355 857 1425; baseline -0.003 -16"><span class='ocrx_word' id='word_1_124' title='bbox 86 1355 142 1409; x_wconf 86' lang='lat' dir='ltr'>Sed</span> <span class='ocrx_word' id='word_1_125' title='bbox 160 1357 226 1409; x_wconf 89' lang='lat' dir='ltr'>satis</span> <span class='ocrx_word' id='word_1_126' title='bbox 244 1361 287 1410; x_wconf 88' lang='lat' dir='ltr'>cst</span> <span class='ocrx_word' id='word_1_127' title='bbox 304 1374 383 1411; x_wconf 89' lang='lat' dir='ltr'>orare</span> <span class='ocrx_word' id='word_1_128' title='bbox 401 1357 498 1410; x_wconf 81' lang='lat' dir='ltr'>Jovem</span> <span class='ocrx_word' id='word_1_129' title='bbox 517 1374 587 1425; x_wconf 87' lang='lat' dir='ltr'>quae</span> <span class='ocrx_word' id='word_1_130' title='bbox 606 1359 690 1411; x_wconf 88' lang='lat' dir='ltr'>donat</span> <span class='ocrx_word' id='word_1_131' title='bbox 708 1361 737 1411; x_wconf 91' lang='lat' dir='ltr'>et</span> <span class='ocrx_word' id='word_1_132' title='bbox 754 1357 857 1409; x_wconf 84' lang='lat' dir='ltr'>aufert:</span> 
     </span>
     <span class='ocr_line' id='line_1_19' title="bbox 5 1429 936 1503; baseline 0.001 -21"><span class='ocrx_word' id='word_1_133' title='bbox 5 1473 7 1482; x_wconf 88' lang='grc'><em>,</em></span> <span class='ocrx_word' id='word_1_134' title='bbox 87 1432 143 1486; x_wconf 92' lang='lat' dir='ltr'>Det</span> <span class='ocrx_word' id='word_1_135' title='bbox 160 1432 253 1501; x_wconf 82' lang='lat' dir='ltr'>vitam,</span> <span class='ocrx_word' id='word_1_136' title='bbox 269 1432 318 1488; x_wconf 89' lang='lat' dir='ltr'>det</span> <span class='ocrx_word' id='word_1_137' title='bbox 334 1450 408 1502; x_wconf 87' lang='lat' dir='ltr'>opes,</span> <span class='ocrx_word' id='word_1_138' title='bbox 425 1450 542 1503; x_wconf 90' lang='lat' dir='ltr'>aequum</span> <span class='ocrx_word' id='word_1_139' title='bbox 560 1434 597 1488; x_wconf 87' lang='lat' dir='ltr'>mi</span> <span class='ocrx_word' id='word_1_140' title='bbox 615 1434 734 1487; x_wconf 85' lang='lat' dir='ltr'>animum</span> <span class='ocrx_word' id='word_1_141' title='bbox 751 1431 810 1501; x_wconf 90' lang='lat' dir='ltr'>ipse</span> <span class='ocrx_word' id='word_1_142' title='bbox 827 1429 936 1500; x_wconf 88' lang='lat' dir='ltr'>parabo.</span> 
     </span>
    </p>
   </div>
   <div class='ocr_carea' id='block_1_3' title="bbox 50 1550 556 1651">
    <p class='ocr_par' dir='ltr' id='par_1_3' title="bbox 50 1550 556 1651">
     <span class='ocr_line' id='line_1_20' title="bbox 50 1550 556 1651; baseline 0.002 -23"><span class='ocrx_word' id='word_1_143' title='bbox 50 1550 103 1651; x_wconf 74' lang='lat' dir='ltr'>&gt;s</span> <span class='ocrx_word' id='word_1_144' title='bbox 475 1574 556 1629; x_wconf 77' lang='lat' dir='ltr'>xix.</span> 
     </span>
    </p>
   </div>
   <div class='ocr_carea' id='block_1_4' title="bbox 86 1655 926 2025">
    <p class='ocr_par' dir='ltr' id='par_1_4' title="bbox 87 1655 755 1726">
     <span class='ocr_line' id='line_1_21' title="bbox 87 1655 755 1726; baseline 0 -15"><span class='ocrx_word' id='word_1_145' title='bbox 87 1657 190 1711; x_wconf 86' lang='lat' dir='ltr'>Parsco</span> <span class='ocrx_word' id='word_1_146' title='bbox 208 1655 231 1709; x_wconf 90' lang='lat' dir='ltr'>si</span> <span class='ocrx_word' id='word_1_147' title='bbox 249 1656 347 1724; x_wconf 88' lang='lat' dir='ltr'>credis,</span> <span class='ocrx_word' id='word_1_148' title='bbox 366 1657 511 1712; x_wconf 74' lang='lat' dir='ltr'>Maecenas</span> <span class='ocrx_word' id='word_1_149' title='bbox 529 1658 618 1725; x_wconf 90' lang='lat' dir='ltr'>docte,</span> <span class='ocrx_word' id='word_1_150' title='bbox 636 1658 755 1726; x_wconf 79' lang='lat' dir='ltr'>Cratino,</span> 
     </span>
    </p>

    <p class='ocr_par' dir='ltr' id='par_1_5' title="bbox 86 1732 805 1801">
     <span class='ocr_line' id='line_1_22' title="bbox 86 1732 805 1801; baseline 0.001 -16"><span class='ocrx_word' id='word_1_151' title='bbox 86 1734 171 1786; x_wconf 87' lang='lat' dir='ltr'>Nulla</span> <span class='ocrx_word' id='word_1_152' title='bbox 187 1732 295 1800; x_wconf 83' lang='lat' dir='ltr'>placere</span> <span class='ocrx_word' id='word_1_153' title='bbox 312 1733 361 1785; x_wconf 87' lang='lat' dir='ltr'>diu</span> <span class='ocrx_word' id='word_1_154' title='bbox 378 1750 429 1787; x_wconf 90' lang='lat' dir='ltr'>nec</span> <span class='ocrx_word' id='word_1_155' title='bbox 446 1733 538 1788; x_wconf 82' lang='lat' dir='ltr'>vivere</span> <span class='ocrx_word' id='word_1_156' title='bbox 555 1734 675 1787; x_wconf 87' lang='lat' dir='ltr'>carmina</span> <span class='ocrx_word' id='word_1_157' title='bbox 691 1737 805 1801; x_wconf 88' lang='lat' dir='ltr'>possunt</span> 
     </span>
    </p>

    <p class='ocr_par' dir='ltr' id='par_1_6' title="bbox 88 1808 866 1953">
     <span class='ocr_line' id='line_1_23' title="bbox 88 1808 866 1878; baseline 0 -17"><span class='ocrx_word' id='word_1_158' title='bbox 88 1808 164 1872; x_wconf 88' lang='lat' dir='ltr'>Quae</span> <span class='ocrx_word' id='word_1_159' title='bbox 182 1808 340 1862; x_wconf 89' lang='lat' dir='ltr'>scribuntur</span> <span class='ocrx_word' id='word_1_160' title='bbox 356 1825 443 1875; x_wconf 87' lang='lat' dir='ltr'>aquae</span> <span class='ocrx_word' id='word_1_161' title='bbox 460 1808 609 1878; x_wconf 91' lang='lat' dir='ltr'>potoribus.</span> <span class='ocrx_word' id='word_1_162' title='bbox 642 1809 683 1862; x_wconf 90' lang='lat' dir='ltr'>Ut</span> <span class='ocrx_word' id='word_1_163' title='bbox 700 1809 769 1862; x_wconf 86' lang='lat' dir='ltr'>male</span> <span class='ocrx_word' id='word_1_164' title='bbox 787 1824 866 1861; x_wconf 90' lang='lat' dir='ltr'>sanos</span> 
     </span>
     <span class='ocr_line' id='line_1_24' title="bbox 88 1883 755 1953; baseline -0.001 -15"><span class='ocrx_word' id='word_1_165' title='bbox 88 1884 245 1952; x_wconf 81' lang='lat' dir='ltr'>Adscripsit</span> <span class='ocrx_word' id='word_1_166' title='bbox 263 1883 347 1937; x_wconf 84' lang='lat' dir='ltr'>Liber</span> <span class='ocrx_word' id='word_1_167' title='bbox 365 1884 469 1951; x_wconf 83' lang='lat' dir='ltr'>Satyris</span> <span class='ocrx_word' id='word_1_168' title='bbox 488 1884 643 1953; x_wconf 81' lang='lat' dir='ltr'>Faunisque</span> <span class='ocrx_word' id='word_1_169' title='bbox 660 1887 755 1953; x_wconf 70' lang='lat' dir='ltr'>poetas</span> 
     </span>
    </p>

    <p class='ocr_par' dir='ltr' id='par_1_7' title="bbox 87 1958 926 2025">
     <span class='ocr_line' id='line_1_25' title="bbox 87 1958 926 2025; baseline 0.004 -15"><span class='ocrx_word' id='word_1_170' title='bbox 87 1960 160 2013; x_wconf 87' lang='lat' dir='ltr'>Vina</span> <span class='ocrx_word' id='word_1_171' title='bbox 176 1958 237 2013; x_wconf 86' lang='lat' dir='ltr'>lere</span> <span class='ocrx_word' id='word_1_172' title='bbox 254 1959 347 2013; x_wconf 91' lang='lat' dir='ltr'>dulces</span> <span class='ocrx_word' id='word_1_173' title='bbox 364 1959 491 2012; x_wconf 89' lang='lat' dir='ltr'>oluerunt</span> <span class='ocrx_word' id='word_1_174' title='bbox 508 1976 587 2013; x_wconf 80' lang='lat' dir='ltr'>urano</span> <span class='ocrx_word' id='word_1_175' title='bbox 606 1960 746 2013; x_wconf 79' lang='lat' dir='ltr'>Camenae.</span> <span class='ocrx_word' id='word_1_176' title='bbox 902 1974 926 2025; x_wconf 80' lang='lat'>&#39;5</span> 
     </span>
    </p>
   </div>
   <div class='ocr_carea' id='block_1_5' title="bbox 87 2109 834 2179">
    <p class='ocr_par' dir='ltr' id='par_1_8' title="bbox 87 2109 834 2179">
     <span class='ocr_line' id='line_1_26' title="bbox 87 2109 834 2179; baseline 0 -16"><span class='ocrx_word' id='word_1_177' title='bbox 87 2110 193 2164; x_wconf 74' lang='lat' dir='ltr'>Ennius</span> <span class='ocrx_word' id='word_1_178' title='bbox 210 2110 270 2177; x_wconf 91' lang='lat' dir='ltr'>ipse</span> <span class='ocrx_word' id='word_1_179' title='bbox 286 2114 367 2178; x_wconf 88' lang='lat' dir='ltr'>pater</span> <span class='ocrx_word' id='word_1_180' title='bbox 383 2127 521 2179; x_wconf 89' lang='lat' dir='ltr'>nunquam</span> <span class='ocrx_word' id='word_1_181' title='bbox 538 2111 590 2164; x_wconf 90' lang='lat' dir='ltr'>nisi</span> <span class='ocrx_word' id='word_1_182' title='bbox 607 2114 688 2178; x_wconf 82' lang='lat' dir='ltr'>potus</span> <span class='ocrx_word' id='word_1_183' title='bbox 705 2109 741 2162; x_wconf 88' lang='lat' dir='ltr'>ad</span> <span class='ocrx_word' id='word_1_184' title='bbox 757 2124 834 2163; x_wconf 83' lang='lat' dir='ltr'>arma</span> 
     </span>
    </p>
   </div>
   <div class='ocr_carea' id='block_1_6' title="bbox 0 2184 939 3158">
    <p class='ocr_par' dir='ltr' id='par_1_9' title="bbox 87 2184 939 3006">
     <span class='ocr_line' id='line_1_27' title="bbox 88 2184 815 2254; baseline -0.004 -15"><span class='ocrx_word' id='word_1_185' title='bbox 88 2186 220 2240; x_wconf 91' lang='lat' dir='ltr'>Prosiluit</span> <span class='ocrx_word' id='word_1_186' title='bbox 238 2185 362 2240; x_wconf 81' lang='lat' dir='ltr'>dicenda</span> <span class='ocrx_word' id='word_1_187' title='bbox 397 2186 520 2239; x_wconf 84' lang='lat' dir='ltr'>“Forum</span> <span class='ocrx_word' id='word_1_188' title='bbox 538 2186 685 2254; x_wconf 87' lang='lat' dir='ltr'>putealque</span> <span class='ocrx_word' id='word_1_189' title='bbox 704 2184 815 2237; x_wconf 86' lang='lat' dir='ltr'>Libonis</span> 
     </span>
     <span class='ocr_line' id='line_1_28' title="bbox 87 2260 742 2327; baseline -0.005 -12"><span class='ocrx_word' id='word_1_190' title='bbox 87 2260 227 2315; x_wconf 85' lang='lat' dir='ltr'>Mandabo</span> <span class='ocrx_word' id='word_1_191' title='bbox 246 2261 330 2327; x_wconf 90' lang='lat' dir='ltr'>siccis,</span> <span class='ocrx_word' id='word_1_192' title='bbox 348 2262 467 2314; x_wconf 90' lang='lat' dir='ltr'>adimam</span> <span class='ocrx_word' id='word_1_193' title='bbox 484 2266 595 2315; x_wconf 87' lang='lat' dir='ltr'>cantare</span> <span class='ocrx_word' id='word_1_194' title='bbox 613 2260 713 2313; x_wconf 85' lang='lat' dir='ltr'>severis</span> <span class='ocrx_word' id='word_1_195' title='bbox 721 2260 742 2312; x_wconf 89' lang='lat'>:”</span> 
     </span>
     <span class='ocr_line' id='line_1_29' title="bbox 88 2336 685 2404; baseline -0.003 -13"><span class='ocrx_word' id='word_1_196' title='bbox 88 2339 151 2391; x_wconf 87' lang='lat' dir='ltr'>Hoc</span> <span class='ocrx_word' id='word_1_197' title='bbox 169 2336 250 2390; x_wconf 91' lang='lat' dir='ltr'>simul</span> <span class='ocrx_word' id='word_1_198' title='bbox 268 2336 342 2389; x_wconf 85' lang='lat' dir='ltr'>edixi</span> <span class='ocrx_word' id='word_1_199' title='bbox 359 2353 414 2389; x_wconf 90' lang='lat' dir='ltr'>non</span> <span class='ocrx_word' id='word_1_200' title='bbox 431 2353 570 2391; x_wconf 88' lang='lat' dir='ltr'>cessavere</span> <span class='ocrx_word' id='word_1_201' title='bbox 587 2340 685 2404; x_wconf 81' lang='lat' dir='ltr'>po&#39;e‘tae</span> 
     </span>
     <span class='ocr_line' id='line_1_30' title="bbox 88 2410 693 2480; baseline -0.005 -14"><span class='ocrx_word' id='word_1_202' title='bbox 88 2413 115 2466; x_wconf 84' lang='lat' dir='ltr'>N</span> <span class='ocrx_word' id='word_1_203' title='bbox 117 2416 231 2466; x_wconf 91' lang='lat' dir='ltr'>octurno</span> <span class='ocrx_word' id='word_1_204' title='bbox 249 2416 355 2466; x_wconf 89' lang='lat' dir='ltr'>certare</span> <span class='ocrx_word' id='word_1_205' title='bbox 372 2428 455 2479; x_wconf 90' lang='lat' dir='ltr'>mero,</span> <span class='ocrx_word' id='word_1_206' title='bbox 473 2414 570 2480; x_wconf 88' lang='lat' dir='ltr'>putere</span> <span class='ocrx_word' id='word_1_207' title='bbox 589 2410 693 2464; x_wconf 86' lang='lat' dir='ltr'>diurno.</span> 
     </span>
     <span class='ocr_line' id='line_1_31' title="bbox 89 2484 800 2556; baseline -0.003 -15"><span class='ocrx_word' id='word_1_208' title='bbox 89 2488 172 2556; x_wconf 86' lang='lat' dir='ltr'>Quid,</span> <span class='ocrx_word' id='word_1_209' title='bbox 190 2487 213 2539; x_wconf 90' lang='lat' dir='ltr'>si</span> <span class='ocrx_word' id='word_1_210' title='bbox 231 2487 293 2555; x_wconf 90' lang='lat' dir='ltr'>quis</span> <span class='ocrx_word' id='word_1_211' title='bbox 310 2487 388 2541; x_wconf 82' lang='lat' dir='ltr'>vultu</span> <span class='ocrx_word' id='word_1_212' title='bbox 404 2491 483 2540; x_wconf 86' lang='lat' dir='ltr'>torvo</span> <span class='ocrx_word' id='word_1_213' title='bbox 499 2487 575 2539; x_wconf 86' lang='lat' dir='ltr'>ferus</span> <span class='ocrx_word' id='word_1_214' title='bbox 592 2490 620 2539; x_wconf 91' lang='lat' dir='ltr'>et</span> <span class='ocrx_word' id='word_1_215' title='bbox 637 2485 708 2555; x_wconf 89' lang='lat' dir='ltr'>pede</span> <span class='ocrx_word' id='word_1_216' title='bbox 725 2484 800 2539; x_wconf 78' lang='lat' dir='ltr'>nude</span> 
     </span>
     <span class='ocr_line' id='line_1_32' title="bbox 88 2562 777 2632; baseline -0.007 -16"><span class='ocrx_word' id='word_1_217' title='bbox 88 2564 269 2632; x_wconf 83' lang='lat' dir='ltr'>Exiguaeque</span> <span class='ocrx_word' id='word_1_218' title='bbox 286 2565 367 2630; x_wconf 86' lang='lat' dir='ltr'>togae</span> <span class='ocrx_word' id='word_1_219' title='bbox 385 2562 495 2616; x_wconf 89' lang='lat' dir='ltr'>simulet</span> <span class='ocrx_word' id='word_1_220' title='bbox 512 2566 620 2615; x_wconf 85' lang='lat' dir='ltr'>textore</span> <span class='ocrx_word' id='word_1_221' title='bbox 638 2562 777 2627; x_wconf 82' lang='lat' dir='ltr'>Catonem,</span> 
     </span>
     <span class='ocr_line' id='line_1_33' title="bbox 89 2636 781 2707; baseline -0.006 -16"><span class='ocrx_word' id='word_1_222' title='bbox 89 2638 267 2693; x_wconf 81' lang='lat' dir='ltr'>virtutemne</span> <span class='ocrx_word' id='word_1_223' title='bbox 286 2642 474 2707; x_wconf 80' lang='lat' dir='ltr'>repraesentet</span> <span class='ocrx_word' id='word_1_224' title='bbox 491 2653 635 2705; x_wconf 89' lang='lat' dir='ltr'>moresque</span> <span class='ocrx_word' id='word_1_225' title='bbox 655 2636 764 2689; x_wconf 84' lang='lat' dir='ltr'>Catonis</span> <span class='ocrx_word' id='word_1_226' title='bbox 772 2637 781 2687; x_wconf 90' lang='lat' dir='ltr'>&#39;l</span> 
     </span>
     <span class='ocr_line' id='line_1_34' title="bbox 89 2710 939 2783; baseline -0.008 -15"><span class='ocrx_word' id='word_1_227' title='bbox 89 2714 179 2783; x_wconf 86' lang='lat' dir='ltr'>Rupit</span> <span class='ocrx_word' id='word_1_228' title='bbox 197 2714 333 2768; x_wconf 89' lang='lat' dir='ltr'>Iarbitam</span> <span class='ocrx_word' id='word_1_229' title='bbox 351 2713 505 2781; x_wconf 84' lang='lat' dir='ltr'>Timagenis</span> <span class='ocrx_word' id='word_1_230' title='bbox 523 2711 629 2765; x_wconf 85' lang='lat' dir='ltr'>aemula</span> <span class='ocrx_word' id='word_1_231' title='bbox 645 2710 744 2777; x_wconf 77' lang='lat' dir='ltr'>lingua,</span> <span class='ocrx_word' id='word_1_232' title='bbox 918 2722 939 2761; x_wconf 78' lang='lat' dir='ltr'>lt</span> 
     </span>
     <span class='ocr_line' id='line_1_35' title="bbox 89 2786 835 2856; baseline -0.003 -13"><span class='ocrx_word' id='word_1_233' title='bbox 89 2790 165 2843; x_wconf 87' lang='lat' dir='ltr'>Dum</span> <span class='ocrx_word' id='word_1_234' title='bbox 183 2790 279 2843; x_wconf 90' lang='lat' dir='ltr'>studet</span> <span class='ocrx_word' id='word_1_235' title='bbox 296 2790 415 2843; x_wconf 88' lang='lat' dir='ltr'>urbanus</span> <span class='ocrx_word' id='word_1_236' title='bbox 432 2788 578 2856; x_wconf 88' lang='lat' dir='ltr'>tenditque</span> <span class='ocrx_word' id='word_1_237' title='bbox 596 2787 716 2840; x_wconf 86' lang='lat' dir='ltr'>disertus</span> <span class='ocrx_word' id='word_1_238' title='bbox 734 2786 835 2841; x_wconf 83' lang='lat' dir='ltr'>haberi.</span> 
     </span>
     <span class='ocr_line' id='line_1_36' title="bbox 89 2861 728 2933; baseline -0.006 -16"><span class='ocrx_word' id='word_1_239' title='bbox 89 2864 202 2933; x_wconf 86' lang='lat' dir='ltr'>Decipit</span> <span class='ocrx_word' id='word_1_240' title='bbox 218 2865 357 2933; x_wconf 85' lang='lat' dir='ltr'>exemplar</span> <span class='ocrx_word' id='word_1_241' title='bbox 373 2863 447 2918; x_wconf 89' lang='lat' dir='ltr'>vitiis</span> <span class='ocrx_word' id='word_1_242' title='bbox 464 2862 612 2928; x_wconf 80' lang='lat' dir='ltr'>imitabile3</span> <span class='ocrx_word' id='word_1_243' title='bbox 631 2861 728 2931; x_wconf 91' lang='lat' dir='ltr'>quodsi</span> 
     </span>
     <span class='ocr_line' id='line_1_37' title="bbox 91 2937 767 3006; baseline -0.004 -13"><span class='ocrx_word' id='word_1_244' title='bbox 91 2939 229 2993; x_wconf 87' lang='lat' dir='ltr'>Pallersm</span> <span class='ocrx_word' id='word_1_245' title='bbox 246 2956 310 2993; x_wconf 86' lang='lat' dir='ltr'>casu</span> <span class='ocrx_word' id='word_1_246' title='bbox 327 2939 454 2993; x_wconf 89' lang='lat' dir='ltr'>biberent</span> <span class='ocrx_word' id='word_1_247' title='bbox 471 2954 608 3006; x_wconf 81' lang='lat' dir='ltr'>exsangue</span> <span class='ocrx_word' id='word_1_248' title='bbox 625 2937 767 2991; x_wconf 83' lang='lat' dir='ltr'>cuminum</span> 
     </span>
    </p>

    <p class='ocr_par' dir='ltr' id='par_1_10' title="bbox 0 3012 938 3158">
     <span class='ocr_line' id='line_1_38' title="bbox 0 3012 760 3083; baseline -0.003 -18"><span class='ocrx_word' id='word_1_249' title='bbox 0 3056 1 3065; x_wconf 70' lang='grc'>,</span> <span class='ocrx_word' id='word_1_250' title='bbox 90 3014 115 3068; x_wconf 94' lang='grc'><strong>0</strong></span> <span class='ocrx_word' id='word_1_251' title='bbox 134 3014 295 3083; x_wconf 89' lang='lat' dir='ltr'>imitatores,</span> <span class='ocrx_word' id='word_1_252' title='bbox 313 3031 421 3082; x_wconf 79' lang='lat' dir='ltr'>servum</span> <span class='ocrx_word' id='word_1_253' title='bbox 437 3030 528 3081; x_wconf 85' lang='lat' dir='ltr'>pecus,</span> <span class='ocrx_word' id='word_1_254' title='bbox 546 3016 578 3067; x_wconf 90' lang='lat' dir='ltr'>ut</span> <span class='ocrx_word' id='word_1_255' title='bbox 595 3012 662 3066; x_wconf 91' lang='lat' dir='ltr'>mihi</span> <span class='ocrx_word' id='word_1_256' title='bbox 680 3028 760 3079; x_wconf 87' lang='lat' dir='ltr'>saepe</span> 
     </span>
     <span class='ocr_line' id='line_1_39' title="bbox 90 3086 938 3158; baseline -0.004 -14"><span class='ocrx_word' id='word_1_257' title='bbox 90 3088 190 3157; x_wconf 89' lang='lat' dir='ltr'>Bilem,</span> <span class='ocrx_word' id='word_1_258' title='bbox 208 3107 290 3158; x_wconf 85' lang='lat' dir='ltr'>saepe</span> <span class='ocrx_word' id='word_1_259' title='bbox 303 3089 397 3158; x_wconf 88' lang='lat' dir='ltr'>jocum</span> <span class='ocrx_word' id='word_1_260' title='bbox 414 3089 499 3142; x_wconf 79' lang='lat' dir='ltr'>vestri</span> <span class='ocrx_word' id='word_1_261' title='bbox 516 3103 625 3142; x_wconf 86' lang='lat' dir='ltr'>movere</span> <span class='ocrx_word' id='word_1_262' title='bbox 642 3086 801 3142; x_wconf 67' lang='lat' dir='ltr'>tumultuet</span> <span class='ocrx_word' id='word_1_263' title='bbox 916 3089 938 3127; x_wconf 60' lang='grc' dir='ltr'><strong><em>Ν</em></strong></span> 
     </span>
    </p>
   </div>
   <div class='ocr_carea' id='block_1_7' title="bbox 2 1786 739 2315">
    <p class='ocr_par' dir='ltr' id='par_1_11' title="bbox 2 1786 739 2315">
     <span class='ocr_line' id='line_1_40' title="bbox 2 1786 739 2315; baseline -0.003 -226"><span class='ocrx_word' id='word_1_264' title='bbox 2 1786 17 2315; x_wconf 55' lang='grc' dir='ltr'><strong><em>ἓ</em></strong></span> <span class='ocrx_word' id='word_1_265' title='bbox 87 2034 230 2089; x_wconf 83' lang='lat' dir='ltr'>Laudibus</span> <span class='ocrx_word' id='word_1_266' title='bbox 247 2035 372 2102; x_wconf 80' lang='lat' dir='ltr'>arguitur</span> <span class='ocrx_word' id='word_1_267' title='bbox 388 2035 444 2087; x_wconf 84' lang='lat' dir='ltr'>vini</span> <span class='ocrx_word' id='word_1_268' title='bbox 462 2036 571 2089; x_wconf 82' lang='lat' dir='ltr'>vinosus</span> <span class='ocrx_word' id='word_1_269' title='bbox 590 2036 739 2098; x_wconf 80' lang='lat' dir='ltr'>Homerus3</span> 
     </span>
    </p>
   </div>
   <div class='ocr_carea' id='block_1_8' title="bbox 0 0 1035 3409">
    <p class='ocr_par' dir='ltr' id='par_1_12' title="bbox 0 0 1035 3409">
     <span class='ocr_line' id='line_1_41' title="bbox 0 0 1035 3409; baseline 0 0"><span class='ocrx_word' id='word_1_270' title='bbox 0 0 1035 3409; x_wconf 95' lang='lat' dir='ltr'> </span> 
     </span>
    </p>
   </div>
  </div>
 </body>
</html>
