2025 3409
279 83 486 134 CARMINUM
502 81 556 132 111.
577 84 614 143 1⁰,
636 83 673 133 ll.
873 80 905 127 58

192 164 221 222 Si
239 164 309 218 flava
326 162 464 216 excutitur
482 162 568 217 Chloe

227 238 413 307 Rejeebaeque
430 240 510 306 patet
522 236 609 305 janua
626 235 748 305 bydiael
883 251 907 290 n

193 315 364 383 Quamquam
382 312 473 366 sidere
490 312 628 381 pulchrior

227 390 279 443 Ille
298 392 347 455 est,
364 392 397 441 iu
413 388 499 442 levior
516 388 617 442 cortice
634 390 664 441 et
680 386 806 456 improbo

194 464 355 519 Iracundior
373 463 489 530 Hadria,

227 540 328 593 Tecum
345 538 436 592 vivere
453 554 550 605 amem,
569 540 660 591 ieeum
678 535 774 590 obeam
792 535 888 590 libens.

195 754 358 808 Ermum
376 752 478 807 Tanain
496 752 521 805 si
537 750 656 821 biberas,
674 752 752 821 Lyea,

195 832 279 883 Saevo
297 830 384 897 nupta
400 827 466 893 viro,
484 843 530 880 me
547 830 640 881 tamen
656 844 769 896 asperas

195 901 355 956 Porrectum
371 905 436 955 ante
453 901 527 954 fores
544 900 662 969 objicere
679 902 774 957 ineolis

228 977 354 1031 Plorarea
371 975 563 1045 Aquilonibus.

196 1054 284 1110 Audis
302 1069 356 1122 quo
374 1052 494 1121 strepitu
507 1051 601 1120 janum,
619 1070 674 1121 quo
690 1070 786 1107 nemus
894 1067 906 1109 s

194 1128 275 1183 Inter
291 1127 404 1196 pulchra
421 1130 512 1181 satum
528 1132 603 1181 tecta
620 1130 756 1197 remugiat

195 1204 301 1271 Ventis,
320 1208 348 1258 el
366 1203 468 1272 positas
485 1206 518 1257 ui
534 1203 634 1271 glaciet
650 1205 727 1258 nives

228 1280 301 1333 Puro
319 1280 430 1333 nmnine
447 1279 599 1348 Juppiierl

194 1356 336 1424 Ingratam
355 1355 457 1409 Veneri
475 1372 546 1424 pene
563 1354 728 1424 superbiam,

194 1432 220 1485 N
222 1449 238 1485 e
256 1434 383 1485 currente
400 1436 475 1484 retro
492 1432 565 1483 funis
582 1434 629 1484 eal
645 1434 714 1485 reia
883 1447 905 1488 lo

192 1507 220 1561 N
222 1524 257 1559 on
274 1510 304 1561 te
322 1506 477 1575 Penelopen
496 1505 634 1559 difficilem
650 1507 740 1576 procis

229 1582 383 1649 Tyrrhenus
400 1582 495 1650 genuit
513 1598 619 1650 parens.

195 1657 218 1710 Ο
238 1657 360 1725 quamvis
377 1674 466 1727 neque
482 1660 512 1711 ie
529 1674 644 1712 munera
660 1674 710 1712 nee
727 1675 823 1727 preces

194 1732 220 1785 N
222 1749 254 1785 ee
271 1732 373 1786 unctura
391 1732 462 1786 viola
478 1733 565 1801 pallor
583 1735 733 1789 amantium

193 1807 220 1861 N
223 1824 254 1861 ec
271 1806 314 1860 vir
331 1807 424 1862 Pieria
440 1808 537 1877 pellice
554 1809 661 1863 saueius
722 1826 725 1831 ·
885 1823 905 1863 rs

229 1882 340 1950 emeat,
358 1883 524 1952 supplicibus
542 1884 598 1937 luis

194 1956 302 2026 Pareae,
320 1974 371 2012 nee
388 1958 476 2027 rigida
493 1958 600 2011 mollior
617 1958 724 2012 aesculo

194 2034 220 2087 N
223 2050 255 2087 ec
272 2034 377 2088 Mauris
394 2034 515 2087 animum
531 2034 624 2088 milior
641 2034 781 2102 anguibus.

193 2109 220 2163 N
222 2126 256 2161 on
275 2109 325 2163 boe
343 2125 451 2177 semper
468 2108 523 2163 erit
539 2110 639 2163 liminis
657 2114 704 2163 aut
721 2126 809 2178 aquae

230 2184 363 2239 Caelestia
380 2185 488 2253 patiens
506 2185 585 2239 latus.
882 2200 906 2238 so

194 2412 433 2477 Musaeum-nam
451 2415 481 2466 ie
499 2409 595 2465 docilis
613 2412 743 2480 magistro

195 2487 283 2541 Movit
302 2487 440 2557 Amphion
458 2488 564 2557 lapidea
580 2488 745 2555 canendo,-

195 2563 290 2631 Tuque
307 2561 420 2616 testudo
436 2578 564 2615 resonare
581 2565 688 2629 sepiem

229 2637 336 2691 Callida
353 2637 451 2705 nervis,

194 2714 220 2767 N
223 2730 254 2767 ee
271 2713 372 2782 loquax
390 2712 453 2765 olim
470 2728 560 2781 neque
577 2715 662 2779 muta,
680 2729 750 2767 nuno
768 2718 798 2768 et
893 2729 906 2770 a

194 2787 318 2842 Divilum
336 2788 437 2841 mensis
455 2791 484 2841 et
501 2788 588 2841 anriea
604 2787 722 2855 templis,

194 2862 359 2917 Diomedes
377 2861 453 2931 Lyde
471 2862 570 2930 quibus
586 2861 736 2916 obstinatas

229 2939 361 3008 Applieel
378 2953 465 3003 aures,

195 3013 271 3077 Quae
288 3012 365 3066 velut
381 3010 444 3063 latis
462 3026 533 3076 equa
549 3009 632 3061 trinua
649 3010 751 3075 eampis

194 3086 280 3143 Ludit
297 3084 427 3139 exsultim
445 3083 598 3149 metuitque
614 3082 691 3143 tangi
882 3096 904 3132 ro
