2025 3409
327 16 534 66 uARMINUM
550 15 588 67 11.
608 16 647 67 14.
882 16 917 69 83

162 93 203 151 nt
220 95 356 165 quidquid
373 112 490 165 usquam
507 95 658 166 concipitur
676 98 753 150 noim

163 170 313 240 Tractarit,
331 188 396 240 agro
414 172 462 241 qui
481 171 581 226 statuit
595 187 659 225 meo
894 183 917 226 rr

164 269 168 275 ·
200 246 247 314 ue,
264 246 346 301 triste
362 247 474 315 lignum,
491 250 522 301 te
538 246 671 301 ecdurum

220 322 271 375 ‘In
289 322 393 377 domini
410 326 492 391 eaput
509 321 687 376 immerentis„

167 396 241 463 Quid
258 398 375 467 quisque
391 398 461 453 vitet
479 413 619 467 nunquam
636 396 740 451 homini
756 393 825 451 still

166 474 286 529 (lautum
302 479 346 529 est
363 475 391 528 in
408 475 505 529 horas:
522 473 617 529 navita
633 473 786 543 Bosporum

201 548 311 603 Poenus
327 550 512 618 perhorrescit
528 565 618 619 neque
634 550 710 604 ultr-s
901 572 913 612 r

236 624 324 679 Caeca
340 625 421 680 timot
438 623 549 679 aliunde
566 624 632 693 fata,

167 696 249 754 Miles
267 701 381 769 sagittas
399 704 428 755 et
445 700 563 755 celerem
580 700 674 769 fugam

167 773 273 841 Parthi,
291 780 401 831 catenas
421 776 540 831 Parthus
558 780 588 830 et
605 776 709 831 Italum

201 850 298 905 Robur
307 873 315 918 ;
332 853 383 907 sed
400 852 548 922 improvisa
563 852 615 907 leti

235 927 287 981 Vis
303 928 396 996 rapuit
413 928 558 997 rapietque
575 930 681 996 gentes

167 1000 255 1067 Quam
271 1018 359 1071 paene
377 1004 471 1057 furvae
489 1020 575 1071 regna
593 1001 774 1069 Proserpinae

167 1075 203 1133 ut
216 1076 389 1145 judicantem
406 1078 526 1133 vidimus
544 1079 666 1132 Aeacum

201 1153 343 1224 sedesque
362 1155 496 1209 discretas
513 1154 622 1223 piorum
640 1155 670 1207 et

67 1280 71 1285 .
237 1230 341 1285 Aeoliis
358 1230 459 1286 fidibus
477 1233 642 1300 querentem

167 1301 277 1374 Sappho
295 1306 394 1373 puellis
413 1306 448 1359 de
466 1304 652 1375 poprdaribus,

167 1377 205 1433 Et
221 1384 252 1449 te
269 1385 412 1436 sonantem
429 1381 537 1451 plenius
554 1396 645 1447 aureo,

202 1456 314 1525 Alcaeo,
332 1457 437 1525 plectro
455 1456 527 1511 dura
543 1457 627 1521 naris,

236 1532 315 1587 Dura
331 1533 413 1601 fugae
430 1532 509 1600 mala
528 1532 599 1587 dura
615 1530 699 1589 bollll

167 1604 322 1677 Utrumque
340 1624 416 1662 sacro
434 1609 519 1675 digna
535 1608 647 1663 silentio

166 1682 304 1737 Mirantur
320 1683 434 1738 umbrae
452 1684 563 1749 ‹licere3
581 1684 632 1738 sed
648 1683 734 1753 magle

201 1759 311 1827 Pugnas
329 1761 359 1813 ct
376 1762 487 1814 exactos
504 1761 648 1827 tyrannos·

235 1835 359 1889 Densum
375 1834 497 1889 humeris
514 1834 586 1889 bibit
603 1850 670 1888 aure
686 1834 791 1903 vulgus

169 1908 249 1975 Quid
257 1911 365 1978 mirum,
382 1910 431 1965 ubi
447 1910 501 1965 illis
519 1910 684 1965 carminibus
700 1914 813 1979 stupens
918 1956 920 1961 .

168 1984 298 2041 Demittit
315 1990 389 2041 atras
407 1986 499 2041 bellua
517 1987 656 2056 centiceps

199 2062 292 2117 Aures
310 2065 340 2117 et
357 2063 452 2117 intorti
469 2063 574 2131 capillis

235 2138 417 2192 Eumenidum
436 2143 594 2193 recreantur
610 2139 732 2207 angues?

167 2212 239 2277 Quin
257 2216 287 2267 et
305 2213 486 2268 Prometheus
503 2218 534 2268 ot
551 2214 661 2284 Pelopis
676 2228 778 2283 parens

163 2285 241 2343 Dulci
258 2287 382 2345 laborum
399 2289 539 2359 decipitur
556 2306 639 2356 son03

200 2365 227 2419 N
229 2381 262 2419 eo
278 2368 357 2419 curat
375 2364 459 2421 Orion
477 2365 571 2420 leones

236 2441 296 2495 Aut
312 2440 424 2497 timidos
441 2442 546 2511 agitare
562 2441 660 2509 lyncas

451 2582 530 2637 XIV.

168 2662 251 2719 Iluro
267 2663 385 2733 fugaces,
405 2665 543 2732 Postume,
562 2664 699 2733 Postume,

168 2737 311 2793 Labuntur
328 2740 399 2808 anni,
417 2756 467 2794 neo
483 2740 572 2809 pietas
589 2754 693 2794 moram

201 2815 288 2884 Rugii
306 2819 335 2870 et
352 2815 466 2869 instanti
484 2819 610 2870 senectae

235 2890 344 2945 Afferet
360 2890 566 2960 indomitaeque
582 2889 707 2958 morti,-

167 2963 237 3034 Non,
256 2966 279 3018 si
296 2964 424 3030 trecenis,
443 2969 577 3031 quotquot
595 2969 663 3017 eunt
680 2967 746 3029 (Eos,
894 2966 908 3003 ⁵

168 3040 273 3107 Amice,
290 3039 381 3107 places
398 3037 610 3152 illacrifrabilem
967 3045 972 3054 ·
