2025 3409
82 45 127 93 196
359 45 515 95 nocam
532 46 660 95 FLAGCI

81 121 226 179 Adscisoet
242 141 312 179 nova
328 141 399 193 quae
416 126 525 195 genitor
541 126 702 195 produxerit
719 142 791 181 usus.

81 196 236 252 Vehemens
252 203 282 253 ct
298 199 420 269 liquidus
436 216 559 270 puroque
577 201 729 255 sindilimus
745 201 819 255 amni
898 217 934 258 reo

81 272 191 328 Fundet
207 290 273 343 opes
291 275 456 345 Latiumque
472 276 569 331 beabit
585 276 671 331 divite
688 276 796 345 lingua3

82 348 261 404 luxuriantia
277 356 439 420 compescet,
456 352 537 406 nimis
555 368 651 421 aspera
668 368 734 406 sano

83 424 199 480 levabit
216 425 299 495 cultu,
316 427 419 481 virtute
436 428 557 481 carentia
573 428 659 496 tollet,
702 478 705 485 ,
819 460 824 479 .«

83 501 216 556 ludentis
233 501 350 571 speciem
369 502 448 557 dabit
465 506 494 557 et
511 503 694 572 torquebitur,
712 505 809 573 utqui

82 576 162 631 Nunc
180 578 316 646 Satyrum,
332 595 405 632 nunc
421 582 559 647 agrestem
578 579 694 648 Cyclopa
711 586 843 633 movetur.
901 595 934 633 ιε,

83 653 265 708 Praetulerim
282 654 399 723 scriptor
415 654 519 709 delirus
537 655 664 723 inersque
680 654 776 723 videri,

83 729 156 783 Dum
173 746 235 783 mea
252 729 391 784 delectent
408 730 480 785 mala
498 747 543 784 me
560 730 603 784 vel
621 730 738 799 denique
756 729 860 796 fallant,

84 804 171 869 Quam
189 821 285 874 sapere
302 809 332 860 et
349 805 428 873 ringi.
462 806 528 860 uuit
545 805 620 859 haud
636 805 762 873 ignobilis
779 805 872 873 Argis,

84 880 137 946 Qui
154 898 185 935 se
202 880 333 935 credebat
349 880 433 935 miros
450 881 546 935 audire
563 881 716 949 tragoedos,

84 956 119 1011 lu
135 972 219 1011 vacuo
236 956 325 1011 laetos
341 972 429 1011 sessor
446 956 609 1027 plausorque
628 956 750 1024 theatro;
901 972 937 1012 rao

84 1032 201 1087 Caetera
217 1032 265 1100 qui
283 1031 356 1085 vitae
373 1036 495 1087 servaret
512 1032 605 1086 munia
620 1036 695 1087 recto

84 1109 169 1174 More,
186 1107 273 1162 bonus
290 1124 354 1162 sane
371 1108 483 1175 ricinus,
500 1107 624 1162 amabilis
641 1109 746 1178 hospes,

85 1184 176 1239 Oomis
192 1186 220 1238 in
237 1200 358 1250 uxorem,
376 1187 470 1252 posset
487 1184 534 1252 qui
552 1184 692 1252 ignoscere
709 1184 794 1239 servis

84 1258 122 1314 Iit
139 1260 215 1328 signo
232 1259 306 1313 laeso
322 1276 376 1313 non
394 1258 513 1313 insanire
531 1258 649 1327 lagenae,

84 1337 183 1390 Posset
199 1337 247 1405 qui
263 1352 360 1404 rupem
377 1338 407 1390 et
423 1338 538 1404 puteum
555 1335 643 1389 vitare
660 1337 807 1403 patentem.
901 1351 937 1391 1³5

84 1411 139 1466 Hic
157 1411 206 1468 ubi
221 1416 398 1479 cognatorum
415 1410 514 1479 opibus
531 1410 657 1480 curisque
675 1411 795 1465 resectus

84 1486 195 1558 Expulit
205 1486 345 1541 helleboro
356 1486 481 1541 morbum
495 1485 632 1555 bilemque
649 1502 756 1541 meraco

84 1562 123 1617 lat
138 1563 212 1617 redit
229 1563 265 1616 ad
283 1579 358 1616 sese:
376 1562 447 1615 “Pol
464 1578 510 1616 me
527 1561 670 1629 occidistis,
686 1562 773 1631 amici,

84 1638 110 1692 N
113 1654 148 1691 on
166 1637 319 1704 servastis‚’'
337 1637 385 1704 ait,
403 1636 466 1690 “cui
484 1636 523 1691 sio
541 1640 650 1692 extorta
667 1637 791 1707 voluptas

85 1714 122 1769 llt
139 1713 266 1782 demptus
283 1712 405 1782 pervim
422 1713 523 1767 mentis
540 1712 711 1781 gratissimus
728 1712 827 1767 error.’'
903 1730 939 1769 uo

84 1790 221 1845 Nimirum
239 1805 335 1858 sapere
353 1792 397 1843 est
414 1788 530 1856 abjectis
547 1788 615 1843 utile
632 1789 719 1857 ungis,

85 1866 123 1921 lit
139 1866 333 1935 tempestivum
351 1863 443 1933 pueris
460 1864 610 1933 concedere
628 1864 745 1929 ludump

86 1944 129 1997 Ao
146 1958 200 1997 non
217 1941 303 1996 rerba
320 1940 398 2009 sequi
416 1938 517 1993 fidibus
534 1939 699 1993 modulanda
717 1940 830 2007 Latinis,

86 2018 142 2073 Sed
159 2033 241 2072 verae
260 2032 443 2085 numerosque
461 2014 612 2083 modosque
630 2014 752 2067 ediscere
769 2014 848 2069 vitae.

86 2094 218 2160 Quocirca
234 2108 340 2146 mecum
357 2091 454 2160 loquor
471 2091 538 2144 hacc
556 2090 710 2159 tacitusque
728 2090 870 2145 recordor:
905 2107 942 2147 14⁵

85 2170 136 2224 “si
153 2168 205 2223 tibi
223 2168 298 2221 nulla
315 2166 389 2221 sitim
407 2165 499 2220 liniret
517 2166 594 2234 copia
611 2165 743 2234 lymphae,

86 2247 113 2300 N
114 2260 220 2300 arrares
236 2242 363 2307 medicis3
381 2242 456 2311 quod
474 2245 576 2311 quanto
594 2240 674 2310 plura
690 2239 794 2309 parasii

86 2323 173 2377 Tanto
191 2319 270 2390 plura
287 2318 370 2387 cupis,
389 2317 491 2371 nulline
509 2316 621 2371 faterier
638 2316 741 2372 audes?
789 2312 793 2319 ’

86 2398 116 2452 ei
133 2395 231 2450 vulnus
247 2393 298 2448 tihi
316 2397 467 2447 monstrata
484 2392 577 2446 radice
593 2392 637 2446 rel
654 2391 740 2446 herba

86 2473 149 2527 Non
166 2472 248 2525 fieret
263 2468 358 2535 levius,
376 2469 485 2537 fugeres
502 2467 596 2521 radice
613 2466 656 2521 vel
673 2466 758 2522 herba
906 2484 942 2523 reo

88 2546 250 2604 Proficiente
267 2544 335 2598 nihil
353 2544 482 2598 curarier.
518 2543 663 2611 Audiens,
681 2543 725 2597 cui

88 2623 157 2677 Rem
174 2622 204 2675 di
221 2622 356 2675 donarent
372 2619 411 2672 illi
429 2617 564 2672 decedere
582 2635 694 2687 pravam

87 2698 238 2754 Stultitiam
247 2718 254 2762 ;
272 2699 301 2749 et
318 2711 380 2749 cum
397 2695 434 2749 sis
451 2694 536 2747 nihilo
554 2695 703 2763 sapientior
720 2713 755 2750 ex
773 2714 827 2765 quo

88 2773 198 2826 Plenior
215 2788 252 2837 es,
270 2774 363 2823 tamen
378 2770 466 2822 uteris
483 2770 663 2823 monitoribus
680 2771 787 2825 isdoml

90 2846 130 2899 nt
147 2846 171 2897 si
189 2845 301 2897 divitiae
319 2844 484 2910 prudentem
501 2845 620 2900 reddere
638 2851 758 2917 possent,
907 2864 943 2904 1⁵⁵

88 2919 118 2971 Si
135 2918 263 2984 cupidum
281 2916 462 2984 timidumque
479 2919 569 2971 minus
586 2923 622 2985 te,
641 2937 742 2991 nempe
759 2923 872 2978 rubercs

89 2990 203 3043 Viveret
220 2991 248 3042 in
266 2991 349 3043 terris
365 2994 394 3043 te
412 2992 436 3043 si
454 2993 516 3059 quis
533 2993 640 3048 avarior
656 3013 718 3053 uno.

90 3062 119 3115 Si
135 3062 274 3128 proprium
291 3065 335 3115 est
352 3064 426 3129 quod
444 3065 505 3131 quis
522 3066 593 3123 libra
609 3076 749 3125 mercatur
765 3079 794 3126 et
811 3090 883 3140 acre,
