2025 3409
344 65 601 116 EPISTOLARUM
617 67 655 117 ΙΙ.
673 68 697 117 2.
896 68 940 121 197

92 144 241 216 Quaedam,
259 148 283 202 si
300 147 391 203 credis
407 146 545 214 consultis,
562 147 698 216 mancipat
715 163 795 213 usus;

91 220 146 286 Qui
163 225 193 276 te
210 224 297 291 pascit
314 239 381 291 ager
396 226 461 276 tuus
478 226 530 290 est,
548 226 578 278 et
595 222 700 276 villicus
719 222 795 291 Orbi,
908 238 941 278 rso

6 317 8 358 ff
92 296 162 350 (lum
180 302 288 365 segetes
305 301 382 357 oooat
399 297 451 352 tibi
468 314 533 352 mox
549 298 689 353 frumenta
705 298 825 366 daturas,

91 371 131 425 'le
148 372 287 426 dominum
301 374 393 428 sentit.
428 373 485 428 Das
502 390 633 443 nummos,
650 373 749 441 accipis
766 391 854 441 uvam,

92 446 192 515 Pullos,
211 465 268 517 ova,
285 449 383 503 cadum
400 449 510 503 mureti:
529 465 628 517 nempe
644 449 726 503 modo
742 450 796 504 isto

92 522 228 577 Paulatim
246 525 375 580 mercaris
392 541 488 593 agrum
504 525 620 579 fortasse
637 526 769 579 trecentis

92 600 152 653 Aut
169 600 252 653 etiam
270 617 352 669 supra
369 617 540 655 nummorum
557 600 677 655 millibus
695 605 823 670 emptum.
908 618 941 657 ros

91 672 165 739 Quid
182 675 268 730 refert
284 676 359 730 viras
376 679 519 730 numerato
536 692 624 745 nuper
640 692 673 729 an
692 676 776 731 olimf

93 750 208 819 Emptor
226 751 331 805 Aricini
349 752 486 820 quondam
504 752 629 805 Veientis
646 756 676 805 et
693 752 751 805 arvi

92 825 223 894 llmptum
240 830 336 881 coenat
353 827 419 892 olus,
437 827 561 896 quamvis
578 827 658 881 aliter
674 830 770 896 putat;
788 828 886 897 emptis

91 900 150 955 Sub
166 905 274 955 noctem
291 902 409 970 gelidam
426 903 506 971 lignis
524 902 667 957 calefactat
684 908 796 968 alinum3

91 976 149 1031 Sed
165 981 243 1032 vocat
259 995 346 1047 usque
364 995 443 1033 suum
460 995 515 1047 qua
532 978 648 1047 populus
664 978 755 1032 adsita
771 977 854 1032 certis
906 992 939 1032 uo

92 1051 237 1105 limitibus
254 1054 342 1107 vicina
358 1052 460 1121 refugit
474 1052 583 1120 jurgia;
599 1055 739 1120 tamquam

91 1126 135 1180 Sit
151 1128 291 1196 proprium
308 1129 464 1197 quidquam,
481 1131 582 1197 puncto
600 1127 674 1196 quod
690 1126 797 1181 mobilis
814 1127 897 1181 horae

91 1201 172 1256 Nunc
183 1220 271 1272 prece,
283 1220 354 1257 nunc
364 1204 460 1272 pretio,
472 1220 544 1257 nunc
555 1202 590 1270 vi,
603 1220 674 1257 nunc
685 1208 774 1259 morte
786 1222 911 1273 suprema

92 1278 236 1333 Permutat
253 1279 376 1333 dominos
393 1282 423 1333 et
439 1280 521 1334 cedat
537 1280 566 1332 in
583 1280 670 1333 altera
683 1280 755 1347 jura

90 1354 136 1409 Sic
153 1354 217 1423 quia
233 1359 381 1424 perpetuus
398 1354 466 1409 nulli
484 1354 567 1408 datur
583 1371 655 1423 usus,
673 1359 702 1409 et
719 1356 800 1409 heres
906 1373 938 1412 ns

93 1429 231 1484 Heredem
249 1430 361 1485 alienus
378 1431 453 1485 velut
469 1431 545 1485 unda
561 1430 718 1500 superuenit
734 1430 844 1500 undam,

91 1504 163 1569 Quid
180 1506 232 1559 rici
248 1510 362 1575 prosunt
379 1509 428 1560 aut
444 1505 558 1571 horrea?
575 1506 676 1575 quidve
695 1505 817 1560 Calabris

90 1577 211 1632 Saltibus
228 1580 329 1649 adjecti
347 1580 457 1649 Lucani,
474 1580 497 1634 si
515 1581 597 1635 metit
614 1580 701 1636 Orcus

91 1652 213 1708 Grandia
230 1671 292 1709 cum
309 1656 407 1724 parvis,
426 1671 479 1709 non
497 1655 643 1710 exorabilis
660 1658 743 1711 aurci

91 1728 225 1799 Gemmas,
243 1747 368 1799 marmor,
387 1732 463 1798 ebur,
482 1731 621 1799 Tyrrhena
637 1732 732 1799 sigilla,
751 1731 874 1799 tabellas,
905 1750 938 1788 rao

91 1804 253 1873 Argentum,
270 1809 360 1860 restes
378 1807 494 1862 Gaetulo
512 1806 614 1860 murice
630 1808 738 1874 tinctas,

89 1879 161 1934 Sunt
178 1881 224 1949 qui
242 1897 295 1935 non
312 1882 438 1947 habeant,
456 1886 499 1936 est
517 1881 564 1951 qui
581 1898 636 1935 non
653 1885 731 1936 curat
748 1881 856 1938 habere.

90 1955 146 2009 Cur
163 1956 234 2010 alter
250 1957 367 2011 fratrum
384 1974 490 2012 cessare
509 1962 538 2011 et
555 1958 651 2011 ludere
669 1961 699 2011 et
716 1957 783 2025 uugi

91 2030 231 2085 Praeferat
249 2032 369 2085 Herodis
386 2032 512 2101 palmetis
529 2032 682 2102 pinguibus,
700 2032 771 2086 alter

91 2107 174 2160 Dives
191 2112 220 2161 et
238 2108 408 2176 importunus
425 2108 461 2161 ad
479 2108 603 2162 umbram
620 2108 688 2163 lucis
706 2107 741 2162 ab
759 2112 821 2163 ortu
906 2124 938 2163 las

88 2182 247 2237 Silvestrem
264 2183 379 2236 flammis
397 2186 426 2236 ot
442 2184 516 2236 ferro
533 2183 643 2251 mitiget
660 2199 763 2251 agrum,

88 2257 147 2312 Scit
165 2257 274 2324 Genius,
292 2258 383 2312 natale
401 2275 491 2312 comes
509 2260 556 2328 qui
574 2262 710 2327 temperat
727 2263 838 2326 astrum,

88 2334 212 2387 Naturae
230 2333 297 2387 deus
315 2333 456 2401 humanae,
475 2334 598 2388 mortalis
615 2334 644 2387 in
662 2350 746 2387 unum

88 2409 223 2477 Quodque
240 2413 330 2477 caput,
347 2409 425 2462 vultu
442 2408 589 2477 mutabilis,
607 2409 684 2463 albus
702 2413 731 2463 et
748 2412 815 2463 ater.

73 2484 161 2561 ,Utar
177 2488 206 2537 et
223 2500 258 2539 ex
275 2484 381 2538 modico
401 2488 533 2553 quantum
550 2501 595 2538 res
613 2487 708 2553 poscet
725 2500 822 2539 acervo
906 2501 938 2541 too

87 2550 199 2627 Tolla'm,
217 2576 267 2614 nec
284 2563 405 2614 metuam
422 2560 490 2628 quid
508 2559 543 2613 de
561 2575 605 2613 me
618 2559 727 2627 judicet
743 2559 831 2625 heres,

87 2635 169 2699 Quod
186 2652 241 2689 non
257 2635 337 2705 plura
354 2635 427 2689 datis
444 2635 596 2700 invenerim
614 2638 644 2688 ct
661 2638 753 2688 tamen
770 2635 844 2689 idem

86 2711 162 2765 Scire
179 2710 268 2764 volam
286 2714 418 2779 quantum
437 2710 552 2778 simplcx
569 2709 716 2778 hilarisque
733 2710 827 2777 nepoti

86 2786 233 2855 Discrepet
250 2789 280 2839 et
297 2790 429 2854 quantum
447 2785 586 2839 discordet
603 2800 702 2853 parcus
719 2800 808 2840 avaro.

86 2861 180 2915 Distat
189 2862 261 2914 enim
272 2876 384 2929 spargas
392 2863 441 2913 tua
449 2860 579 2928 prodigus
588 2875 621 2912 an
630 2876 719 2928 neque
729 2863 866 2929 sumptum
904 2877 936 2917 us

86 2936 196 2991 Invitus
212 2936 296 2990 facias
313 2952 402 3004 noque
419 2936 498 3003 plura
514 2950 612 3003 parare
628 2934 742 3002 labores,

86 3014 131 3067 Ac
147 3010 247 3082 potius,
263 3026 334 3079 puer
349 3013 382 3064 ut
398 3009 476 3062 iestis
494 3008 709 3080 Quinquatribus
726 3009 797 3077 olim,

86 3087 195 3156 llxiguo
211 3089 346 3156 gratoque
362 3084 462 3137 fruaris
479 3086 604 3151 tempore
621 3084 728 3153 raptim.
