2025 3409
107 69 139 120 62
335 116 338 121 .
379 70 534 119 HORATII
550 71 682 121 FLACCI

243 148 299 205 liic
316 148 377 203 dies
394 166 464 203 anno
481 150 616 205 redeunte
632 151 720 205 festus

244 224 381 279 Corticem
399 226 560 280 adstrictum
577 228 638 295 pice
655 227 807 284 dimovebit
925 244 944 285 ιο

244 301 404 369 Amphorae
421 302 526 356 fumum
543 303 638 357 bibere
655 303 799 359 institutae

279 376 397 431 Consule
415 378 499 433 Tullo,

245 451 335 520 Sume,
354 453 505 522 Maecenas,
523 454 633 523 cyathos
650 456 730 509 amici

246 528 362 596 Sospitis
379 533 487 583 centum
505 534 535 582 et
552 530 646 597 vigiles
663 530 786 584 lucernas

245 602 343 658 Perfer
359 603 387 657 in
405 604 511 670 lucem;
528 606 622 673 procul
639 606 726 659 omnis
743 611 804 661 csta
926 618 945 659 it

280 678 390 733 Clamor
407 684 437 733 et
453 680 501 734 ira.

246 752 330 807 Mitte
347 754 438 807 civiles
457 771 539 823 super
555 755 625 809 urbe
642 772 736 815 curasa

246 828 355 882 Occidit
373 829 441 883 Daci
459 830 595 885 Cotisonis
612 848 717 900 agmen,

245 903 346 958 Medus
363 904 479 959 infestus
496 906 550 959 sibi
566 906 695 961 luctuosis

279 978 403 1033 Dissidet
419 981 510 1049 armis,
924 998 945 1035 tr
989 1039 990 1060 χ

245 1053 337 1108 Servit
354 1054 494 1124 Hispanae
511 1059 592 1110 vetris
608 1056 696 1111 hostis
712 1074 778 1117 orao

246 1129 384 1184 Cantaber
401 1146 462 1185 sera
479 1130 599 1185 domitus
616 1136 729 1199 catena;

244 1204 309 1260 Jam
327 1204 442 1273 Scythae
460 1206 522 1259 laxo
538 1206 708 1262 meditantur
725 1225 792 1264 arcu

279 1280 386 1335 Cedere
404 1282 514 1351 campis.

244 1355 271 1411 N
273 1357 400 1424 eglegens
417 1374 453 1411 ne
471 1374 526 1428 qua
542 1358 660 1427 populus
676 1359 784 1414 laboret
925 1373 945 1413 ri

245 1431 330 1484 Parce
347 1432 470 1500 privatus
486 1432 600 1486 nimium
618 1450 729 1488 cavere:

244 1505 324 1560 Dona
340 1508 492 1573 praesentis
510 1525 577 1579 cape
593 1508 683 1563 lactus
699 1509 783 1564 horae
799 1513 830 1566 et

279 1580 385 1651 Linque
402 1599 503 1651 severa

454 1684 456 1688 ⁵
505 1723 556 1780 1x.

245 1803 342 1861 Dorso
359 1810 454 1873 gratus
473 1822 548 1860 eram
565 1807 618 1861 tibi
770 1800 774 1807 ’
990 1769 991 1862 i

278 1880 304 1933 N
307 1898 338 1935 ec
355 1882 498 1950 quisquam
516 1883 607 1949 potior
624 1881 735 1936 brachia
754 1883 885 1938 candidae

244 1956 350 2011 Ccrrici
362 1956 473 2024 juvenis
491 1957 583 2023 dabat,
990 1975 991 2034 ζ

278 2030 423 2086 Persarum
441 2033 515 2100 vigui
526 2050 593 2099 rege
611 2033 723 2089 beatior.
990 2047 991 2110 t

243 2104 338 2162 Donec
355 2124 409 2161 nou
426 2108 479 2162 aiia
496 2110 583 2176 magis
935 2119 947 2160 s
990 2113 991 2172 i

279 2184 382 2237 Arsisti
399 2200 488 2253 neque
506 2189 567 2239 erat
585 2183 672 2253 Lydia
688 2190 751 2255 post
769 2186 879 2253 Chloen,
990 2205 991 2210 ¹

243 2256 327 2313 Muiti
346 2258 432 2327 Lydia
449 2260 567 2313 nominis

278 2333 400 2387 Romana
417 2334 491 2401 vigui
509 2334 607 2387 clarior
625 2334 683 2390 Ilia

242 2406 291 2464 Me
309 2425 380 2463 nunc
398 2409 516 2463 Thressa
535 2409 618 2463 Chloe
636 2412 710 2478 regit

277 2484 379 2538 Dulces
397 2484 478 2539 docte
495 2484 591 2537 modos
608 2490 638 2538 et
655 2486 775 2539 citharae
793 2486 889 2551 sciens,
929 2495 946 2534 ¹⁰

243 2555 299 2611 Pro
317 2574 371 2625 qua
388 2573 442 2611 non
460 2562 582 2611 metuam
601 2560 669 2612 mori

278 2632 306 2686 Si
324 2636 437 2700 parcent
454 2633 560 2686 animae
577 2634 635 2687 fata
652 2635 801 2704 superstiti.

243 2706 290 2763 Me
310 2711 397 2762 torret
413 2709 473 2761 face
491 2713 587 2762 mutus

278 2782 392 2835 Thurini
411 2784 502 2837 Calais
520 2784 592 2836 filius
610 2783 713 2853 Ornyti,

244 2855 298 2909 Pro
316 2873 370 2924 quc
388 2856 430 2909 bis
447 2859 539 2924 patiar
556 2859 624 2911 mori
927 2867 946 2909 li

278 2931 307 2983 Si
325 2934 437 2996 parcent
454 2947 540 2998 puero
557 2932 615 2985 fata
632 2935 782 3001 superstiti

245 3002 318 3066 Quid
335 3003 359 3055 si
376 3005 466 3070 prisca
483 3006 557 3059 redit
574 3006 669 3060 Venus

279 3075 468 3144 Diductosque
482 3078 551 3146 jugo
568 3080 642 3147 cogit
658 3087 752 3153 adnm,
