<?xml version="1.0" encoding="UTF-8"?>
<!DOCTYPE html PUBLIC "-//W3C//DTD XHTML 1.0 Transitional//EN"
    "http://www.w3.org/TR/xhtml1/DTD/xhtml1-transitional.dtd">
<html xmlns="http://www.w3.org/1999/xhtml" xml:lang="en" lang="en">
 <head>
  <title>
</title>
<meta http-equiv="Content-Type" content="text/html;charset=utf-8" />
  <meta name='ocr-system' content='tesseract 3.04.00' />
  <meta name='ocr-capabilities' content='ocr_page ocr_carea ocr_par ocr_line ocrx_word'/>
</head>
<body>
  <div class='ocr_page' id='page_1' title='image "./quintihoratiifl02maclgoog_0209.png"; bbox 0 0 2025 3409; ppageno 0'>
   <div class='ocr_carea' id='block_1_1' title="bbox 323 55 916 106">
    <p class='ocr_par' dir='ltr' id='par_1_1' title="bbox 323 55 916 106">
     <span class='ocr_line' id='line_1_1' title="bbox 323 55 916 106; baseline -0.005 -2"><span class='ocrx_word' id='word_1_1' title='bbox 323 56 576 106; x_wconf 78' lang='lat' dir='ltr'>EPISTOLARUM</span> <span class='ocrx_word' id='word_1_2' title='bbox 594 56 630 105; x_wconf 90' lang='lat' dir='ltr'>II.</span> <span class='ocrx_word' id='word_1_3' title='bbox 651 58 674 103; x_wconf 79' lang='lat'>2.</span> <span class='ocrx_word' id='word_1_4' title='bbox 872 55 916 103; x_wconf 82' lang='lat'>195</span> 
     </span>
    </p>
   </div>
   <div class='ocr_carea' id='block_1_2' title="bbox 63 132 918 280">
    <p class='ocr_par' dir='ltr' id='par_1_2' title="bbox 63 132 918 280">
     <span class='ocr_line' id='line_1_2' title="bbox 63 132 806 204; baseline -0.003 -16"><span class='ocrx_word' id='word_1_5' title='bbox 63 132 106 188; x_wconf 79' lang='lat'>&#39;1¹11</span> <span class='ocrx_word' id='word_1_6' title='bbox 123 152 174 189; x_wconf 88' lang='lat' dir='ltr'>me</span> <span class='ocrx_word' id='word_1_7' title='bbox 190 136 265 189; x_wconf 86' lang='lat' dir='ltr'>inter·</span> <span class='ocrx_word' id='word_1_8' title='bbox 282 136 414 204; x_wconf 87' lang='lat' dir='ltr'>strepitus</span> <span class='ocrx_word' id='word_1_9' title='bbox 432 140 577 190; x_wconf 86' lang='lat' dir='ltr'>nocturnos</span> <span class='ocrx_word' id='word_1_10' title='bbox 594 140 678 204; x_wconf 87' lang='lat' dir='ltr'>atque</span> <span class='ocrx_word' id='word_1_11' title='bbox 696 134 806 188; x_wconf 88' lang='lat' dir='ltr'>diurnos</span> 
     </span>
     <span class='ocr_line' id='line_1_3' title="bbox 65 210 918 280; baseline -0.002 -17"><span class='ocrx_word' id='word_1_12' title='bbox 65 210 116 265; x_wconf 90' lang='lat' dir='ltr'>Vis</span> <span class='ocrx_word' id='word_1_13' title='bbox 135 228 235 266; x_wconf 68' lang='lat' dir='ltr'>canere</span> <span class='ocrx_word' id='word_1_14' title='bbox 252 214 282 265; x_wconf 84' lang='lat' dir='ltr'>et</span> <span class='ocrx_word' id='word_1_15' title='bbox 299 216 440 266; x_wconf 82' lang='lat' dir='ltr'>contracta</span> <span class='ocrx_word' id='word_1_16' title='bbox 457 212 535 280; x_wconf 88' lang='lat' dir='ltr'>sequi</span> <span class='ocrx_word' id='word_1_17' title='bbox 553 212 668 279; x_wconf 83' lang='lat' dir='ltr'>vestigia</span> <span class='ocrx_word' id='word_1_18' title='bbox 684 212 793 265; x_wconf 72' lang='lat' dir='ltr'>vatum?</span> <span class='ocrx_word' id='word_1_19' title='bbox 894 222 918 261; x_wconf 83' lang='lat' dir='ltr'>aa</span> 
     </span>
    </p>
   </div>
   <div class='ocr_carea' id='block_1_3' title="bbox 13 285 813 355">
    <p class='ocr_par' dir='ltr' id='par_1_3' title="bbox 13 285 813 355">
     <span class='ocr_line' id='line_1_4' title="bbox 13 285 813 355; baseline 0.003 -18"><span class='ocrx_word' id='word_1_20' title='bbox 13 287 14 337; x_wconf 74' lang='grc' dir='ltr'>ζ</span> <span class='ocrx_word' id='word_1_21' title='bbox 66 285 216 354; x_wconf 87' lang='lat' dir='ltr'>Ingenium</span> <span class='ocrx_word' id='word_1_22' title='bbox 234 287 287 340; x_wconf 87' lang='lat' dir='ltr'>sibi</span> <span class='ocrx_word' id='word_1_23' title='bbox 305 288 379 355; x_wconf 91' lang='lat' dir='ltr'>quod</span> <span class='ocrx_word' id='word_1_24' title='bbox 397 304 494 341; x_wconf 67' lang='lat' dir='ltr'>vmruis</span> <span class='ocrx_word' id='word_1_25' title='bbox 513 287 664 355; x_wconf 77' lang='lat' dir='ltr'><strong>desumpsit</strong></span> <span class='ocrx_word' id='word_1_26' title='bbox 682 285 813 351; x_wconf 85' lang='lat' dir='ltr'>Athenas,</span> 
     </span>
    </p>
   </div>
   <div class='ocr_carea' id='block_1_4' title="bbox 64 360 919 1034">
    <p class='ocr_par' dir='ltr' id='par_1_4' title="bbox 65 360 735 431">
     <span class='ocr_line' id='line_1_5' title="bbox 65 360 735 431; baseline 0 -16"><span class='ocrx_word' id='word_1_27' title='bbox 65 360 103 416; x_wconf 83' lang='lat' dir='ltr'>Et</span> <span class='ocrx_word' id='word_1_28' title='bbox 121 362 223 416; x_wconf 90' lang='lat' dir='ltr'>studiis</span> <span class='ocrx_word' id='word_1_29' title='bbox 241 379 326 416; x_wconf 89' lang='lat' dir='ltr'>annos</span> <span class='ocrx_word' id='word_1_30' title='bbox 343 366 448 431; x_wconf 78' lang='lat' dir='ltr'><strong>septem</strong></span> <span class='ocrx_word' id='word_1_31' title='bbox 466 363 545 416; x_wconf 90' lang='lat' dir='ltr'>dedit</span> <span class='ocrx_word' id='word_1_32' title='bbox 562 362 735 429; x_wconf 81' lang='lat' dir='ltr'>insenuitque</span> 
     </span>
    </p>

    <p class='ocr_par' dir='ltr' id='par_1_5' title="bbox 64 436 673 504">
     <span class='ocr_line' id='line_1_6' title="bbox 64 436 673 504; baseline 0.002 -14"><span class='ocrx_word' id='word_1_33' title='bbox 64 436 160 491; x_wconf 84' lang='lat' dir='ltr'>Libris</span> <span class='ocrx_word' id='word_1_34' title='bbox 178 441 208 491; x_wconf 90' lang='lat' dir='ltr'>et</span> <span class='ocrx_word' id='word_1_35' title='bbox 225 438 306 504; x_wconf 86' lang='lat' dir='ltr'>curis,</span> <span class='ocrx_word' id='word_1_36' title='bbox 325 442 417 492; x_wconf 86' lang='lat' dir='ltr'>statua</span> <span class='ocrx_word' id='word_1_37' title='bbox 434 439 597 492; x_wconf 76' lang='lat' dir='ltr'>taciturnius</span> <span class='ocrx_word' id='word_1_38' title='bbox 614 438 673 491; x_wconf 86' lang='lat' dir='ltr'>exit</span> 
     </span>
    </p>

    <p class='ocr_par' dir='ltr' id='par_1_6' title="bbox 65 509 919 806">
     <span class='ocr_line' id='line_1_7' title="bbox 65 509 866 582; baseline -0.001 -18"><span class='ocrx_word' id='word_1_39' title='bbox 65 509 236 581; x_wconf 80' lang='lat' dir='ltr'>Plerumque</span> <span class='ocrx_word' id='word_1_40' title='bbox 254 517 286 567; x_wconf 88' lang='lat' dir='ltr'>et</span> <span class='ocrx_word' id='word_1_41' title='bbox 300 513 358 566; x_wconf 89' lang='lat' dir='ltr'>risu</span> <span class='ocrx_word' id='word_1_42' title='bbox 374 514 505 582; x_wconf 91' lang='lat' dir='ltr'>populum</span> <span class='ocrx_word' id='word_1_43' title='bbox 523 514 628 581; x_wconf 86' lang='lat' dir='ltr'>quatit;</span> <span class='ocrx_word' id='word_1_44' title='bbox 644 512 689 566; x_wconf 90' lang='lat' dir='ltr'>hic</span> <span class='ocrx_word' id='word_1_45' title='bbox 706 528 757 579; x_wconf 85' lang='lat' dir='ltr'>ego</span> <span class='ocrx_word' id='word_1_46' title='bbox 775 528 866 564; x_wconf 87' lang='lat' dir='ltr'>rerum</span> 
     </span>
     <span class='ocr_line' id='line_1_8' title="bbox 66 587 919 657; baseline 0 -17"><span class='ocrx_word' id='word_1_47' title='bbox 66 587 212 641; x_wconf 75' lang='lat' dir='ltr'>Fluctibus</span> <span class='ocrx_word' id='word_1_48' title='bbox 226 588 257 641; x_wconf 92' lang='lat' dir='ltr'>-in</span> <span class='ocrx_word' id='word_1_49' title='bbox 274 588 373 641; x_wconf 89' lang='lat' dir='ltr'>mediis</span> <span class='ocrx_word' id='word_1_50' title='bbox 390 593 420 642; x_wconf 90' lang='lat' dir='ltr'>et</span> <span class='ocrx_word' id='word_1_51' title='bbox 437 588 648 657; x_wconf 75' lang='lat' dir='ltr'>tempestatibus</span> <span class='ocrx_word' id='word_1_52' title='bbox 665 587 741 641; x_wconf 86' lang='lat' dir='ltr'>urbis</span> <span class='ocrx_word' id='word_1_53' title='bbox 896 600 919 640; x_wconf 76' lang='lat' dir='ltr'>as</span> 
     </span>
     <span class='ocr_line' id='line_1_9' title="bbox 66 661 803 731; baseline 0.003 -17"><span class='ocrx_word' id='word_1_54' title='bbox 66 661 163 717; x_wconf 87' lang='lat' dir='ltr'>Verba</span> <span class='ocrx_word' id='word_1_55' title='bbox 179 664 253 731; x_wconf 80' lang='lat' dir='ltr'>lyrae</span> <span class='ocrx_word' id='word_1_56' title='bbox 270 669 379 718; x_wconf 88' lang='lat' dir='ltr'>motura</span> <span class='ocrx_word' id='word_1_57' title='bbox 397 680 493 717; x_wconf 91' lang='lat' dir='ltr'>sonum</span> <span class='ocrx_word' id='word_1_58' title='bbox 512 667 672 718; x_wconf 83' lang='lat' dir='ltr'>connectere</span> <span class='ocrx_word' id='word_1_59' title='bbox 690 662 803 730; x_wconf 66' lang='lat' dir='ltr'>dimrerl</span> 
     </span>
     <span class='ocr_line' id='line_1_10' title="bbox 66 736 764 806; baseline 0 -15"><span class='ocrx_word' id='word_1_60' title='bbox 66 736 170 793; x_wconf 83' lang='lat' dir='ltr'>Frater</span> <span class='ocrx_word' id='word_1_61' title='bbox 187 742 248 793; x_wconf 89' lang='lat' dir='ltr'>erat</span> <span class='ocrx_word' id='word_1_62' title='bbox 266 739 370 793; x_wconf 53' lang='lat' dir='ltr'>&amp;mae</span> <span class='ocrx_word' id='word_1_63' title='bbox 387 740 504 793; x_wconf 90' lang='lat' dir='ltr'>consulti</span> <span class='ocrx_word' id='word_1_64' title='bbox 522 740 625 806; x_wconf 87' lang='lat' dir='ltr'>rhetor,</span> <span class='ocrx_word' id='word_1_65' title='bbox 643 741 676 792; x_wconf 92' lang='lat' dir='ltr'>ut</span> <span class='ocrx_word' id='word_1_66' title='bbox 693 739 764 791; x_wconf 87' lang='lat' dir='ltr'>alter</span> 
     </span>
    </p>

    <p class='ocr_par' dir='ltr' id='par_1_7' title="bbox 67 813 712 881">
     <span class='ocr_line' id='line_1_11' title="bbox 67 813 712 881; baseline 0.003 -16"><span class='ocrx_word' id='word_1_67' title='bbox 67 813 195 867; x_wconf 88' lang='lat' dir='ltr'>Alterius</span> <span class='ocrx_word' id='word_1_68' title='bbox 212 830 337 868; x_wconf 86' lang='lat' dir='ltr'>sermone</span> <span class='ocrx_word' id='word_1_69' title='bbox 355 830 445 869; x_wconf 89' lang='lat' dir='ltr'>meros</span> <span class='ocrx_word' id='word_1_70' title='bbox 462 815 572 868; x_wconf 88' lang='lat' dir='ltr'>audiret</span> <span class='ocrx_word' id='word_1_71' title='bbox 589 813 712 881; x_wconf 86' lang='lat' dir='ltr'>honores,</span> 
     </span>
    </p>

    <p class='ocr_par' dir='ltr' id='par_1_8' title="bbox 67 888 796 959">
     <span class='ocr_line' id='line_1_12' title="bbox 67 888 796 959; baseline 0 -18"><span class='ocrx_word' id='word_1_72' title='bbox 67 889 208 943; x_wconf 82' lang='lat' dir='ltr'>Gracchus</span> <span class='ocrx_word' id='word_1_73' title='bbox 225 893 258 943; x_wconf 89' lang='lat' dir='ltr'>ut</span> <span class='ocrx_word' id='word_1_74' title='bbox 274 890 318 943; x_wconf 91' lang='lat' dir='ltr'>hic</span> <span class='ocrx_word' id='word_1_75' title='bbox 335 890 383 959; x_wconf 88' lang='lat' dir='ltr'>illi,</span> <span class='ocrx_word' id='word_1_76' title='bbox 401 891 472 944; x_wconf 85' lang='lat' dir='ltr'>foret</span> <span class='ocrx_word' id='word_1_77' title='bbox 488 890 551 943; x_wconf 90' lang='lat' dir='ltr'>huic</span> <span class='ocrx_word' id='word_1_78' title='bbox 568 893 601 944; x_wconf 92' lang='lat' dir='ltr'>nt</span> <span class='ocrx_word' id='word_1_79' title='bbox 619 889 727 943; x_wconf 88' lang='lat' dir='ltr'>Mucius</span> <span class='ocrx_word' id='word_1_80' title='bbox 744 888 796 957; x_wconf 85' lang='lat' dir='ltr'>ille,</span> 
     </span>
    </p>

    <p class='ocr_par' dir='ltr' id='par_1_9' title="bbox 68 964 919 1034">
     <span class='ocr_line' id='line_1_13' title="bbox 68 964 919 1034; baseline 0 -17"><span class='ocrx_word' id='word_1_81' title='bbox 68 964 121 1028; x_wconf 84' lang='lat' dir='ltr'>Qui</span> <span class='ocrx_word' id='word_1_82' title='bbox 139 966 230 1018; x_wconf 90' lang='lat' dir='ltr'>minus</span> <span class='ocrx_word' id='word_1_83' title='bbox 246 970 357 1033; x_wconf 76' lang='lat' dir='ltr'>argutos</span> <span class='ocrx_word' id='word_1_84' title='bbox 374 969 457 1020; x_wconf 76' lang='lat' dir='ltr'>vexat</span> <span class='ocrx_word' id='word_1_85' title='bbox 473 967 550 1019; x_wconf 86' lang='lat' dir='ltr'>furor</span> <span class='ocrx_word' id='word_1_86' title='bbox 567 966 620 1020; x_wconf 89' lang='lat' dir='ltr'>iste</span> <span class='ocrx_word' id='word_1_87' title='bbox 635 966 747 1034; x_wconf 69' lang='lat' dir='ltr'>poetas?</span> <span class='ocrx_word' id='word_1_88' title='bbox 896 979 919 1017; x_wconf 79' lang='lat' dir='ltr'>aa</span> 
     </span>
    </p>
   </div>
   <div class='ocr_carea' id='block_1_5' title="bbox 13 1040 787 1110">
    <p class='ocr_par' dir='ltr' id='par_1_10' title="bbox 13 1040 787 1110">
     <span class='ocr_line' id='line_1_14' title="bbox 13 1040 787 1110; baseline -0.006 -12"><span class='ocrx_word' id='word_1_89' title='bbox 13 1053 14 1098; x_wconf 73' lang='grc' dir='ltr'>ξ</span> <span class='ocrx_word' id='word_1_90' title='bbox 72 1040 203 1093; x_wconf 83' lang='lat' dir='ltr'>Carnrina</span> <span class='ocrx_word' id='word_1_91' title='bbox 219 1054 357 1110; x_wconf 85' lang='lat' dir='ltr'>compono,</span> <span class='ocrx_word' id='word_1_92' title='bbox 376 1042 420 1095; x_wconf 91' lang='lat' dir='ltr'>hic</span> <span class='ocrx_word' id='word_1_93' title='bbox 437 1042 537 1110; x_wconf 81' lang='lat' dir='ltr'>elegos.</span> <span class='ocrx_word' id='word_1_94' title='bbox 572 1040 716 1095; x_wconf 87' lang='lat' dir='ltr'>“Mirabile</span> <span class='ocrx_word' id='word_1_95' title='bbox 727 1040 787 1093; x_wconf 87' lang='lat' dir='ltr'>visu</span> 
     </span>
    </p>
   </div>
   <div class='ocr_carea' id='block_1_6' title="bbox 70 1114 907 1185">
    <p class='ocr_par' dir='ltr' id='par_1_11' title="bbox 70 1114 907 1185">
     <span class='ocr_line' id='line_1_15' title="bbox 70 1114 907 1185; baseline 0.001 -18"><span class='ocrx_word' id='word_1_96' title='bbox 70 1114 268 1183; x_wconf 83' lang='lat' dir='ltr'>Caelatumque</span> <span class='ocrx_word' id='word_1_97' title='bbox 285 1132 383 1170; x_wconf 81' lang='lat' dir='ltr'>novem</span> <span class='ocrx_word' id='word_1_98' title='bbox 401 1117 489 1171; x_wconf 87' lang='lat' dir='ltr'>Musis</span> <span class='ocrx_word' id='word_1_99' title='bbox 505 1133 574 1185; x_wconf 91' lang='lat' dir='ltr'>opus</span> <span class='ocrx_word' id='word_1_100' title='bbox 583 1117 606 1171; x_wconf 87' lang='lat'>!’&#39;</span> <span class='ocrx_word' id='word_1_101' title='bbox 643 1116 764 1184; x_wconf 89' lang='lat' dir='ltr'>Adspice</span> <span class='ocrx_word' id='word_1_102' title='bbox 781 1114 907 1183; x_wconf 89' lang='lat' dir='ltr'>primum,</span> 
     </span>
    </p>
   </div>
   <div class='ocr_carea' id='block_1_7' title="bbox 12 1183 764 1268">
    <p class='ocr_par' dir='ltr' id='par_1_12' title="bbox 12 1183 764 1268">
     <span class='ocr_line' id='line_1_16' title="bbox 12 1183 764 1268; baseline 0.001 -25"><span class='ocrx_word' id='word_1_103' title='bbox 12 1183 16 1268; x_wconf 63' lang='lat' dir='ltr'>l</span> <span class='ocrx_word' id='word_1_104' title='bbox 69 1189 179 1254; x_wconf 84' lang='lat' dir='ltr'>Quanto</span> <span class='ocrx_word' id='word_1_105' title='bbox 196 1208 258 1244; x_wconf 90' lang='lat' dir='ltr'>cum</span> <span class='ocrx_word' id='word_1_106' title='bbox 274 1192 355 1258; x_wconf 75' lang='lat' dir='ltr'>fastu</span> <span class='ocrx_word' id='word_1_107' title='bbox 373 1196 476 1260; x_wconf 89' lang='lat' dir='ltr'>quanto</span> <span class='ocrx_word' id='word_1_108' title='bbox 494 1192 633 1245; x_wconf 89' lang='lat' dir='ltr'>molimine</span> <span class='ocrx_word' id='word_1_109' title='bbox 651 1192 764 1245; x_wconf 88' lang='lat' dir='ltr'>circum-</span> 
     </span>
    </p>
   </div>
   <div class='ocr_carea' id='block_1_8' title="bbox 69 1265 759 1333">
    <p class='ocr_par' dir='ltr' id='par_1_13' title="bbox 69 1265 759 1333">
     <span class='ocr_line' id='line_1_17' title="bbox 69 1265 759 1333; baseline 0.004 -15"><span class='ocrx_word' id='word_1_110' title='bbox 69 1265 229 1333; x_wconf 86' lang='lat' dir='ltr'>Spectemus</span> <span class='ocrx_word' id='word_1_111' title='bbox 247 1283 359 1321; x_wconf 86' lang='lat' dir='ltr'>vacuam</span> <span class='ocrx_word' id='word_1_112' title='bbox 378 1268 507 1321; x_wconf 86' lang='lat' dir='ltr'>Romanis</span> <span class='ocrx_word' id='word_1_113' title='bbox 525 1268 632 1321; x_wconf 86' lang='lat' dir='ltr'>vatibus</span> <span class='ocrx_word' id='word_1_114' title='bbox 649 1266 759 1321; x_wconf 91' lang='lat' dir='ltr'>aedem!</span> 
     </span>
    </p>
   </div>
   <div class='ocr_carea' id='block_1_9' title="bbox 43 1326 918 1413">
    <p class='ocr_par' dir='ltr' id='par_1_14' title="bbox 43 1326 918 1413">
     <span class='ocr_line' id='line_1_18' title="bbox 43 1326 918 1413; baseline 0.003 -19"><span class='ocrx_word' id='word_1_115' title='bbox 43 1326 50 1345; x_wconf 32' lang='lat' dir='ltr'>x</span> <span class='ocrx_word' id='word_1_116' title='bbox 69 1340 136 1394; x_wconf 82' lang='lat' dir='ltr'>Mox</span> <span class='ocrx_word' id='word_1_117' title='bbox 153 1342 244 1411; x_wconf 85' lang='lat' dir='ltr'>etiam,</span> <span class='ocrx_word' id='word_1_118' title='bbox 261 1341 285 1395; x_wconf 90' lang='lat' dir='ltr'>si</span> <span class='ocrx_word' id='word_1_119' title='bbox 302 1343 374 1396; x_wconf 85' lang='lat' dir='ltr'>forte</span> <span class='ocrx_word' id='word_1_120' title='bbox 391 1360 477 1411; x_wconf 85' lang='lat' dir='ltr'>vacas,</span> <span class='ocrx_word' id='word_1_121' title='bbox 496 1360 612 1413; x_wconf 88' lang='lat' dir='ltr'>sequere</span> <span class='ocrx_word' id='word_1_122' title='bbox 630 1347 659 1397; x_wconf 93' lang='lat' dir='ltr'>et</span> <span class='ocrx_word' id='word_1_123' title='bbox 675 1342 769 1412; x_wconf 85' lang='lat' dir='ltr'>procul</span> <span class='ocrx_word' id='word_1_124' title='bbox 786 1342 858 1411; x_wconf 88' lang='lat' dir='ltr'>audi,</span> <span class='ocrx_word' id='word_1_125' title='bbox 894 1357 918 1397; x_wconf 81' lang='lat' dir='ltr'>as</span> 
     </span>
    </p>
   </div>
   <div class='ocr_carea' id='block_1_10' title="bbox 70 1416 846 1488">
    <p class='ocr_par' dir='ltr' id='par_1_15' title="bbox 70 1416 846 1488">
     <span class='ocr_line' id='line_1_19' title="bbox 70 1416 846 1488; baseline 0.004 -18"><span class='ocrx_word' id='word_1_126' title='bbox 70 1416 143 1479; x_wconf 83' lang='lat' dir='ltr'>Quid</span> <span class='ocrx_word' id='word_1_127' title='bbox 159 1418 231 1471; x_wconf 85' lang='lat' dir='ltr'>ierat</span> <span class='ocrx_word' id='word_1_128' title='bbox 248 1422 278 1471; x_wconf 93' lang='lat' dir='ltr'>et</span> <span class='ocrx_word' id='word_1_129' title='bbox 296 1435 380 1487; x_wconf 85' lang='lat' dir='ltr'>quare</span> <span class='ocrx_word' id='word_1_130' title='bbox 399 1419 451 1472; x_wconf 87' lang='lat' dir='ltr'>sibi</span> <span class='ocrx_word' id='word_1_131' title='bbox 468 1422 562 1473; x_wconf 89' lang='lat' dir='ltr'>nectat</span> <span class='ocrx_word' id='word_1_132' title='bbox 579 1422 695 1488; x_wconf 89' lang='lat' dir='ltr'>uterque</span> <span class='ocrx_word' id='word_1_133' title='bbox 713 1434 846 1473; x_wconf 87' lang='lat' dir='ltr'>eoronam.</span> 
     </span>
    </p>
   </div>
   <div class='ocr_carea' id='block_1_11' title="bbox 13 1491 825 1564">
    <p class='ocr_par' dir='ltr' id='par_1_16' title="bbox 13 1491 825 1564">
     <span class='ocr_line' id='line_1_20' title="bbox 13 1491 825 1564; baseline 0.002 -20"><span class='ocrx_word' id='word_1_134' title='bbox 13 1493 14 1496; x_wconf 74' lang='grc'>’</span> <span class='ocrx_word' id='word_1_135' title='bbox 70 1491 217 1547; x_wconf 89' lang='lat' dir='ltr'>Caedimur</span> <span class='ocrx_word' id='word_1_136' title='bbox 234 1496 264 1548; x_wconf 90' lang='lat' dir='ltr'>et</span> <span class='ocrx_word' id='word_1_137' title='bbox 280 1494 396 1548; x_wconf 85' lang='lat' dir='ltr'>totidem</span> <span class='ocrx_word' id='word_1_138' title='bbox 414 1495 502 1564; x_wconf 84' lang='lat' dir='ltr'>plagis</span> <span class='ocrx_word' id='word_1_139' title='bbox 519 1494 702 1549; x_wconf 89' lang='lat' dir='ltr'>consumimus</span> <span class='ocrx_word' id='word_1_140' title='bbox 719 1494 825 1547; x_wconf 88' lang='lat' dir='ltr'>hostem</span> 
     </span>
    </p>
   </div>
   <div class='ocr_carea' id='block_1_12' title="bbox 12 2321 17 2486">
    <p class='ocr_par' dir='ltr' id='par_1_17' title="bbox 12 2321 17 2486">
     <span class='ocr_line' id='line_1_21' title="bbox 12 2321 17 2486; baseline 0 0"><span class='ocrx_word' id='word_1_141' title='bbox 12 2321 17 2486; x_wconf 85' lang='lat' dir='ltr'>l</span> 
     </span>
    </p>
   </div>
   <div class='ocr_carea' id='block_1_13' title="bbox 13 2551 918 2928">
    <p class='ocr_par' dir='ltr' id='par_1_18' title="bbox 13 2551 829 2623">
     <span class='ocr_line' id='line_1_22' title="bbox 13 2551 829 2623; baseline -0.004 -15"><span class='ocrx_word' id='word_1_142' title='bbox 13 2551 14 2554; x_wconf 67' lang='grc'>’</span> <span class='ocrx_word' id='word_1_143' title='bbox 69 2553 193 2608; x_wconf 82' lang='lat' dir='ltr'>Audebit</span> <span class='ocrx_word' id='word_1_144' title='bbox 210 2570 387 2623; x_wconf 86' lang='lat' dir='ltr'>quaecunque</span> <span class='ocrx_word' id='word_1_145' title='bbox 404 2570 501 2622; x_wconf 90' lang='lat' dir='ltr'>parum</span> <span class='ocrx_word' id='word_1_146' title='bbox 519 2554 669 2622; x_wconf 87' lang='lat' dir='ltr'>splendoris</span> <span class='ocrx_word' id='word_1_147' title='bbox 686 2552 829 2607; x_wconf 90' lang='lat' dir='ltr'>habebunt</span> 
     </span>
    </p>

    <p class='ocr_par' dir='ltr' id='par_1_19' title="bbox 69 2628 855 2773">
     <span class='ocr_line' id='line_1_23' title="bbox 69 2628 855 2697; baseline -0.001 -15"><span class='ocrx_word' id='word_1_148' title='bbox 69 2628 106 2683; x_wconf 86' lang='lat' dir='ltr'>Et</span> <span class='ocrx_word' id='word_1_149' title='bbox 122 2629 182 2681; x_wconf 90' lang='lat' dir='ltr'>sine</span> <span class='ocrx_word' id='word_1_150' title='bbox 199 2628 321 2697; x_wconf 90' lang='lat' dir='ltr'>pondere</span> <span class='ocrx_word' id='word_1_151' title='bbox 338 2632 419 2683; x_wconf 89' lang='lat' dir='ltr'>erunt</span> <span class='ocrx_word' id='word_1_152' title='bbox 437 2633 466 2683; x_wconf 90' lang='lat' dir='ltr'>et</span> <span class='ocrx_word' id='word_1_153' title='bbox 483 2629 585 2683; x_wconf 89' lang='lat' dir='ltr'>honore</span> <span class='ocrx_word' id='word_1_154' title='bbox 603 2628 716 2697; x_wconf 83' lang='lat' dir='ltr'>indigna</span> <span class='ocrx_word' id='word_1_155' title='bbox 731 2628 855 2682; x_wconf 88' lang='lat' dir='ltr'>ferentur</span> 
     </span>
     <span class='ocr_line' id='line_1_24' title="bbox 69 2703 764 2773; baseline 0.003 -17"><span class='ocrx_word' id='word_1_156' title='bbox 69 2703 163 2757; x_wconf 87' lang='lat' dir='ltr'>Verba</span> <span class='ocrx_word' id='word_1_157' title='bbox 179 2718 289 2758; x_wconf 88' lang='lat' dir='ltr'>movere</span> <span class='ocrx_word' id='word_1_158' title='bbox 306 2704 372 2771; x_wconf 89' lang='lat' dir='ltr'>loco,</span> <span class='ocrx_word' id='word_1_159' title='bbox 391 2704 515 2773; x_wconf 83' lang='lat' dir='ltr'>quamvis</span> <span class='ocrx_word' id='word_1_160' title='bbox 532 2704 617 2758; x_wconf 84' lang='lat' dir='ltr'>invita</span> <span class='ocrx_word' id='word_1_161' title='bbox 635 2704 764 2758; x_wconf 88' lang='lat' dir='ltr'>recedant</span> 
     </span>
    </p>

    <p class='ocr_par' dir='ltr' id='par_1_20' title="bbox 68 2778 758 2849">
     <span class='ocr_line' id='line_1_25' title="bbox 68 2778 758 2849; baseline 0.006 -18"><span class='ocrx_word' id='word_1_162' title='bbox 68 2778 104 2831; x_wconf 81' lang='lat' dir='ltr'>nt</span> <span class='ocrx_word' id='word_1_163' title='bbox 122 2782 266 2832; x_wconf 86' lang='lat' dir='ltr'>versentur</span> <span class='ocrx_word' id='word_1_164' title='bbox 283 2778 372 2833; x_wconf 86' lang='lat' dir='ltr'>adhuc</span> <span class='ocrx_word' id='word_1_165' title='bbox 389 2780 463 2833; x_wconf 83' lang='lat' dir='ltr'>intra</span> <span class='ocrx_word' id='word_1_166' title='bbox 479 2780 631 2849; x_wconf 87' lang='lat' dir='ltr'>penetralia</span> <span class='ocrx_word' id='word_1_167' title='bbox 649 2780 758 2835; x_wconf 87' lang='lat' dir='ltr'>Vestae.</span> 
     </span>
    </p>

    <p class='ocr_par' dir='ltr' id='par_1_21' title="bbox 13 2852 918 2928">
     <span class='ocr_line' id='line_1_26' title="bbox 13 2852 918 2928; baseline 0.003 -22"><span class='ocrx_word' id='word_1_168' title='bbox 13 2870 15 2928; x_wconf 56' lang='lat' dir='ltr'>l</span> <span class='ocrx_word' id='word_1_169' title='bbox 69 2852 221 2908; x_wconf 88' lang='lat' dir='ltr'>Obscurata</span> <span class='ocrx_word' id='word_1_170' title='bbox 238 2854 287 2908; x_wconf 91' lang='lat' dir='ltr'>diu</span> <span class='ocrx_word' id='word_1_171' title='bbox 304 2854 404 2923; x_wconf 91' lang='lat' dir='ltr'>populo</span> <span class='ocrx_word' id='word_1_172' title='bbox 422 2855 510 2909; x_wconf 89' lang='lat' dir='ltr'>bonus</span> <span class='ocrx_word' id='word_1_173' title='bbox 528 2859 607 2909; x_wconf 83' lang='lat' dir='ltr'>eruet</span> <span class='ocrx_word' id='word_1_174' title='bbox 625 2859 709 2923; x_wconf 89' lang='lat' dir='ltr'>atque</span> <span class='ocrx_word' id='word_1_175' title='bbox 885 2870 918 2909; x_wconf 82' lang='lat'>11⁵</span> 
     </span>
    </p>
   </div>
   <div class='ocr_carea' id='block_1_14' title="bbox 47 1566 920 2541">
    <p class='ocr_par' dir='ltr' id='par_1_22' title="bbox 47 1566 920 2541">
     <span class='ocr_line' id='line_1_27' title="bbox 70 1566 709 1639; baseline 0.006 -19"><span class='ocrx_word' id='word_1_176' title='bbox 70 1566 157 1621; x_wconf 85' lang='lat' dir='ltr'>Lento</span> <span class='ocrx_word' id='word_1_177' title='bbox 176 1568 312 1623; x_wconf 82' lang='lat' dir='ltr'>Samnites</span> <span class='ocrx_word' id='word_1_178' title='bbox 330 1570 366 1623; x_wconf 86' lang='lat' dir='ltr'>ad</span> <span class='ocrx_word' id='word_1_179' title='bbox 383 1570 487 1624; x_wconf 86' lang='lat' dir='ltr'>lumina</span> <span class='ocrx_word' id='word_1_180' title='bbox 503 1570 593 1639; x_wconf 90' lang='lat' dir='ltr'>prima</span> <span class='ocrx_word' id='word_1_181' title='bbox 610 1570 709 1624; x_wconf 88' lang='lat' dir='ltr'>duello.</span> 
     </span>
     <span class='ocr_line' id='line_1_28' title="bbox 47 1642 789 1715; baseline 0.008 -21"><span class='ocrx_word' id='word_1_182' title='bbox 47 1689 50 1693; x_wconf 93' lang='lat'>.</span> <span class='ocrx_word' id='word_1_183' title='bbox 70 1642 189 1697; x_wconf 89' lang='lat' dir='ltr'>Discedo</span> <span class='ocrx_word' id='word_1_184' title='bbox 207 1645 325 1699; x_wconf 79' lang='lat' dir='ltr'>Alcaeus</span> <span class='ocrx_word' id='word_1_185' title='bbox 342 1651 444 1715; x_wconf 90' lang='lat' dir='ltr'>puncto</span> <span class='ocrx_word' id='word_1_186' title='bbox 461 1647 549 1712; x_wconf 89' lang='lat' dir='ltr'>illius;</span> <span class='ocrx_word' id='word_1_187' title='bbox 566 1647 613 1700; x_wconf 89' lang='lat' dir='ltr'>ille</span> <span class='ocrx_word' id='word_1_188' title='bbox 630 1663 690 1699; x_wconf 89' lang='lat' dir='ltr'>meo</span> <span class='ocrx_word' id='word_1_189' title='bbox 710 1646 789 1713; x_wconf 83' lang='lat' dir='ltr'>quisl</span> 
     </span>
     <span class='ocr_line' id='line_1_29' title="bbox 71 1719 918 1790; baseline 0.004 -19"><span class='ocrx_word' id='word_1_190' title='bbox 71 1719 137 1783; x_wconf 82' lang='lat' dir='ltr'>Quis</span> <span class='ocrx_word' id='word_1_191' title='bbox 153 1719 206 1772; x_wconf 92' lang='lat' dir='ltr'>nisi</span> <span class='ocrx_word' id='word_1_192' title='bbox 224 1720 421 1776; x_wconf 76' lang='lat' dir='ltr'>Callimachus?</span> <span class='ocrx_word' id='word_1_193' title='bbox 457 1722 487 1775; x_wconf 82' lang='lat' dir='ltr'>Si</span> <span class='ocrx_word' id='word_1_194' title='bbox 503 1722 566 1790; x_wconf 88' lang='lat' dir='ltr'>plus</span> <span class='ocrx_word' id='word_1_195' title='bbox 583 1721 731 1790; x_wconf 87' lang='lat' dir='ltr'>adposcere</span> <span class='ocrx_word' id='word_1_196' title='bbox 747 1722 826 1785; x_wconf 71' lang='lat' dir='ltr'>usus,</span> <span class='ocrx_word' id='word_1_197' title='bbox 886 1736 918 1774; x_wconf 83' lang='lat' dir='ltr'>roe</span> 
     </span>
     <span class='ocr_line' id='line_1_30' title="bbox 70 1794 769 1866; baseline 0.004 -20"><span class='ocrx_word' id='word_1_198' title='bbox 70 1794 115 1848; x_wconf 78' lang='lat' dir='ltr'>sit</span> <span class='ocrx_word' id='word_1_199' title='bbox 134 1795 313 1849; x_wconf 87' lang='lat' dir='ltr'>Mimnermus</span> <span class='ocrx_word' id='word_1_200' title='bbox 330 1802 360 1850; x_wconf 91' lang='lat' dir='ltr'>et</span> <span class='ocrx_word' id='word_1_201' title='bbox 378 1797 469 1866; x_wconf 89' lang='lat' dir='ltr'>optivo</span> <span class='ocrx_word' id='word_1_202' title='bbox 487 1798 646 1865; x_wconf 80' lang='lat' dir='ltr'>cognomine</span> <span class='ocrx_word' id='word_1_203' title='bbox 664 1796 769 1850; x_wconf 89' lang='lat' dir='ltr'>erescit.</span> 
     </span>
     <span class='ocr_line' id='line_1_31' title="bbox 70 1869 778 1940; baseline 0.001 -17"><span class='ocrx_word' id='word_1_204' title='bbox 70 1869 158 1924; x_wconf 86' lang='lat' dir='ltr'>Multa</span> <span class='ocrx_word' id='word_1_205' title='bbox 174 1871 233 1925; x_wconf 84' lang='lat' dir='ltr'>fero</span> <span class='ocrx_word' id='word_1_206' title='bbox 250 1875 282 1926; x_wconf 91' lang='lat' dir='ltr'>ut</span> <span class='ocrx_word' id='word_1_207' title='bbox 298 1872 403 1940; x_wconf 88' lang='lat' dir='ltr'>placem</span> <span class='ocrx_word' id='word_1_208' title='bbox 420 1890 507 1940; x_wconf 83' lang='lat' dir='ltr'>genus</span> <span class='ocrx_word' id='word_1_209' title='bbox 525 1872 659 1925; x_wconf 90' lang='lat' dir='ltr'>irritabile</span> <span class='ocrx_word' id='word_1_210' title='bbox 676 1875 778 1938; x_wconf 84' lang='lat' dir='ltr'>vatum,</span> 
     </span>
     <span class='ocr_line' id='line_1_32' title="bbox 70 1946 791 2017; baseline 0 -17"><span class='ocrx_word' id='word_1_211' title='bbox 70 1946 138 2000; x_wconf 86' lang='lat' dir='ltr'>Cum</span> <span class='ocrx_word' id='word_1_212' title='bbox 156 1946 245 2000; x_wconf 86' lang='lat' dir='ltr'>scribo</span> <span class='ocrx_word' id='word_1_213' title='bbox 262 1950 292 2001; x_wconf 92' lang='lat' dir='ltr'>et</span> <span class='ocrx_word' id='word_1_214' title='bbox 309 1948 423 2016; x_wconf 89' lang='lat' dir='ltr'>supplex</span> <span class='ocrx_word' id='word_1_215' title='bbox 440 1948 534 2017; x_wconf 90' lang='lat' dir='ltr'>populi</span> <span class='ocrx_word' id='word_1_216' title='bbox 552 1947 679 2017; x_wconf 83' lang='lat' dir='ltr'>suffragia</span> <span class='ocrx_word' id='word_1_217' title='bbox 696 1951 791 2016; x_wconf 80' lang='lat' dir='ltr'>capt03</span> 
     </span>
     <span class='ocr_line' id='line_1_33' title="bbox 70 2022 673 2093; baseline 0.005 -18"><span class='ocrx_word' id='word_1_218' title='bbox 70 2022 157 2090; x_wconf 82' lang='lat' dir='ltr'>Idem,</span> <span class='ocrx_word' id='word_1_219' title='bbox 176 2022 262 2076; x_wconf 86' lang='lat' dir='ltr'>linitis</span> <span class='ocrx_word' id='word_1_220' title='bbox 280 2024 379 2077; x_wconf 90' lang='lat' dir='ltr'>studiis</span> <span class='ocrx_word' id='word_1_221' title='bbox 396 2027 426 2077; x_wconf 90' lang='lat' dir='ltr'>et</span> <span class='ocrx_word' id='word_1_222' title='bbox 443 2028 536 2078; x_wconf 90' lang='lat' dir='ltr'>mente</span> <span class='ocrx_word' id='word_1_223' title='bbox 554 2029 673 2093; x_wconf 89' lang='lat' dir='ltr'>recepta,</span> 
     </span>
     <span class='ocr_line' id='line_1_34' title="bbox 70 2097 918 2167; baseline 0 -15"><span class='ocrx_word' id='word_1_224' title='bbox 70 2097 204 2152; x_wconf 90' lang='lat' dir='ltr'>Obturem</span> <span class='ocrx_word' id='word_1_225' title='bbox 222 2098 331 2167; x_wconf 88' lang='lat' dir='ltr'>patulas</span> <span class='ocrx_word' id='word_1_226' title='bbox 348 2099 458 2166; x_wconf 92' lang='lat' dir='ltr'>impune</span> <span class='ocrx_word' id='word_1_227' title='bbox 475 2099 629 2167; x_wconf 86' lang='lat' dir='ltr'>legentibus</span> <span class='ocrx_word' id='word_1_228' title='bbox 646 2114 734 2153; x_wconf 89' lang='lat' dir='ltr'>aures.</span> <span class='ocrx_word' id='word_1_229' title='bbox 886 2113 918 2159; x_wconf 77' lang='lat' dir='ltr'>ros</span> 
     </span>
     <span class='ocr_line' id='line_1_35' title="bbox 70 2173 810 2243; baseline -0.001 -17"><span class='ocrx_word' id='word_1_230' title='bbox 70 2173 209 2227; x_wconf 86' lang='lat' dir='ltr'>Ridentur</span> <span class='ocrx_word' id='word_1_231' title='bbox 226 2173 299 2227; x_wconf 88' lang='lat' dir='ltr'>mala</span> <span class='ocrx_word' id='word_1_232' title='bbox 315 2174 363 2242; x_wconf 91' lang='lat' dir='ltr'>qui</span> <span class='ocrx_word' id='word_1_233' title='bbox 380 2178 547 2243; x_wconf 90' lang='lat' dir='ltr'>componunt</span> <span class='ocrx_word' id='word_1_234' title='bbox 565 2174 698 2239; x_wconf 83' lang='lat' dir='ltr'>carmina3</span> <span class='ocrx_word' id='word_1_235' title='bbox 716 2188 810 2226; x_wconf 85' lang='lat' dir='ltr'>verum</span> 
     </span>
     <span class='ocr_line' id='line_1_36' title="bbox 69 2248 791 2317; baseline 0 -14"><span class='ocrx_word' id='word_1_236' title='bbox 69 2249 198 2303; x_wconf 83' lang='lat' dir='ltr'>(laudent</span> <span class='ocrx_word' id='word_1_237' title='bbox 216 2248 366 2303; x_wconf 84' lang='lat' dir='ltr'>scribentes</span> <span class='ocrx_word' id='word_1_238' title='bbox 384 2255 413 2304; x_wconf 89' lang='lat' dir='ltr'>et</span> <span class='ocrx_word' id='word_1_239' title='bbox 430 2266 460 2303; x_wconf 90' lang='lat' dir='ltr'>se</span> <span class='ocrx_word' id='word_1_240' title='bbox 477 2253 648 2317; x_wconf 82' lang='lat' dir='ltr'>venerantur,</span> <span class='ocrx_word' id='word_1_241' title='bbox 667 2254 696 2304; x_wconf 89' lang='lat' dir='ltr'>ct</span> <span class='ocrx_word' id='word_1_242' title='bbox 712 2248 791 2316; x_wconf 88' lang='lat' dir='ltr'>ultro,</span> 
     </span>
     <span class='ocr_line' id='line_1_37' title="bbox 69 2322 749 2394; baseline -0.003 -15"><span class='ocrx_word' id='word_1_243' title='bbox 69 2325 96 2379; x_wconf 83' lang='lat' dir='ltr'>Si</span> <span class='ocrx_word' id='word_1_244' title='bbox 114 2328 215 2389; x_wconf 87' lang='lat' dir='ltr'>taceas,</span> <span class='ocrx_word' id='word_1_245' title='bbox 232 2324 346 2379; x_wconf 87' lang='lat' dir='ltr'>laudant</span> <span class='ocrx_word' id='word_1_246' title='bbox 363 2325 498 2393; x_wconf 90' lang='lat' dir='ltr'>quidquid</span> <span class='ocrx_word' id='word_1_247' title='bbox 516 2326 648 2394; x_wconf 90' lang='lat' dir='ltr'>scripsere</span> <span class='ocrx_word' id='word_1_248' title='bbox 666 2322 749 2379; x_wconf 87' lang='lat' dir='ltr'>beati.</span> 
     </span>
     <span class='ocr_line' id='line_1_38' title="bbox 69 2400 679 2471; baseline 0.002 -17"><span class='ocrx_word' id='word_1_249' title='bbox 69 2402 109 2455; x_wconf 90' lang='lat' dir='ltr'>At</span> <span class='ocrx_word' id='word_1_250' title='bbox 126 2401 174 2469; x_wconf 93' lang='lat' dir='ltr'>qui</span> <span class='ocrx_word' id='word_1_251' title='bbox 191 2400 344 2469; x_wconf 85' lang='lat' dir='ltr'>legitimum</span> <span class='ocrx_word' id='word_1_252' title='bbox 361 2402 453 2471; x_wconf 91' lang='lat' dir='ltr'>cupiet</span> <span class='ocrx_word' id='word_1_253' title='bbox 470 2402 566 2455; x_wconf 84' lang='lat' dir='ltr'>fecisse</span> <span class='ocrx_word' id='word_1_254' title='bbox 583 2407 679 2471; x_wconf 68' lang='lat' dir='ltr'>poema</span> 
     </span>
     <span class='ocr_line' id='line_1_39' title="bbox 69 2476 920 2541; baseline 0.001 -12"><span class='ocrx_word' id='word_1_255' title='bbox 69 2477 138 2530; x_wconf 90' lang='lat' dir='ltr'>Cum</span> <span class='ocrx_word' id='word_1_256' title='bbox 156 2476 257 2529; x_wconf 92' lang='lat' dir='ltr'>tabulis</span> <span class='ocrx_word' id='word_1_257' title='bbox 275 2476 395 2530; x_wconf 88' lang='lat' dir='ltr'>animum</span> <span class='ocrx_word' id='word_1_258' title='bbox 413 2478 532 2531; x_wconf 89' lang='lat' dir='ltr'>censoris</span> <span class='ocrx_word' id='word_1_259' title='bbox 552 2482 642 2531; x_wconf 90' lang='lat' dir='ltr'>sumet</span> <span class='ocrx_word' id='word_1_260' title='bbox 659 2476 782 2541; x_wconf 83' lang='lat' dir='ltr'>honesti3</span> <span class='ocrx_word' id='word_1_261' title='bbox 888 2492 920 2531; x_wconf 84' lang='lat' dir='ltr'>uo</span> 
     </span>
    </p>
   </div>
   <div class='ocr_carea' id='block_1_15' title="bbox 68 2927 842 3073">
    <p class='ocr_par' dir='ltr' id='par_1_23' title="bbox 68 2927 842 3073">
     <span class='ocr_line' id='line_1_40' title="bbox 68 2927 748 3000; baseline 0.004 -20"><span class='ocrx_word' id='word_1_262' title='bbox 68 2927 194 2985; x_wconf 86' lang='lat' dir='ltr'>Proferet</span> <span class='ocrx_word' id='word_1_263' title='bbox 210 2930 239 2982; x_wconf 92' lang='lat' dir='ltr'>in</span> <span class='ocrx_word' id='word_1_264' title='bbox 257 2929 346 2983; x_wconf 87' lang='lat' dir='ltr'>lucem</span> <span class='ocrx_word' id='word_1_265' title='bbox 364 2930 486 3000; x_wconf 86' lang='lat' dir='ltr'>speciosa</span> <span class='ocrx_word' id='word_1_266' title='bbox 502 2930 632 2984; x_wconf 85' lang='lat' dir='ltr'>vocabula</span> <span class='ocrx_word' id='word_1_267' title='bbox 649 2948 748 2997; x_wconf 88' lang='lat' dir='ltr'>rerum,</span> 
     </span>
     <span class='ocr_line' id='line_1_41' title="bbox 68 3004 842 3073; baseline -0.001 -15"><span class='ocrx_word' id='word_1_268' title='bbox 68 3004 143 3067; x_wconf 85' lang='lat' dir='ltr'>Quae</span> <span class='ocrx_word' id='word_1_269' title='bbox 161 3004 258 3072; x_wconf 89' lang='lat' dir='ltr'>priscis</span> <span class='ocrx_word' id='word_1_270' title='bbox 276 3009 427 3059; x_wconf 87' lang='lat' dir='ltr'>memorata</span> <span class='ocrx_word' id='word_1_271' title='bbox 444 3006 593 3060; x_wconf 86' lang='lat' dir='ltr'>Catonibus</span> <span class='ocrx_word' id='word_1_272' title='bbox 611 3009 694 3073; x_wconf 87' lang='lat' dir='ltr'>atque</span> <span class='ocrx_word' id='word_1_273' title='bbox 714 3004 842 3072; x_wconf 77' lang='lat' dir='ltr'>Cethegis</span> 
     </span>
    </p>
   </div>
   <div class='ocr_carea' id='block_1_16' title="bbox 67 3076 822 3203">
    <p class='ocr_par' dir='ltr' id='par_1_24' title="bbox 67 3076 822 3203">
     <span class='ocr_line' id='line_1_42' title="bbox 67 3076 822 3203; baseline 0.005 -73"><span class='ocrx_word' id='word_1_274' title='bbox 67 3076 145 3203; x_wconf 50' lang='lat' dir='ltr'>diffie</span> <span class='ocrx_word' id='word_1_275' title='bbox 164 3079 234 3133; x_wconf 87' lang='lat' dir='ltr'>situs</span> <span class='ocrx_word' id='word_1_276' title='bbox 251 3078 374 3132; x_wconf 88' lang='lat' dir='ltr'>informis</span> <span class='ocrx_word' id='word_1_277' title='bbox 391 3080 493 3151; x_wconf 88' lang='lat' dir='ltr'>premit</span> <span class='ocrx_word' id='word_1_278' title='bbox 511 3083 540 3132; x_wconf 89' lang='lat' dir='ltr'>et</span> <span class='ocrx_word' id='word_1_279' title='bbox 557 3079 667 3135; x_wconf 88' lang='lat' dir='ltr'>deserta</span> <span class='ocrx_word' id='word_1_280' title='bbox 684 3083 822 3143; x_wconf 58' lang='lat' dir='ltr'>vetustam</span> 
     </span>
    </p>
   </div>
   <div class='ocr_carea' id='block_1_17' title="bbox 0 0 1023 3409">
    <p class='ocr_par' dir='ltr' id='par_1_25' title="bbox 0 0 1023 3409">
     <span class='ocr_line' id='line_1_43' title="bbox 0 0 1023 3409; baseline 0 0"><span class='ocrx_word' id='word_1_281' title='bbox 0 0 1023 3409; x_wconf 95' lang='lat' dir='ltr'> </span> 
     </span>
    </p>
   </div>
  </div>
 </body>
</html>
