2025 3409
338 70 544 122 CARMINUM
561 72 584 122 1.
604 73 642 126 17.

198 154 309 208 statam
327 168 424 207 musac
441 170 492 207 cur
507 154 631 223 perirent

234 226 372 282 Funditus
388 229 617 300 imprimeretque
634 235 719 288 muris
895 256 918 294 aa

164 301 275 357 Hostile
293 308 415 358 aratrm
432 307 571 361 exercitus
588 308 715 361 insolens.

164 378 314 447 Compesce
333 384 471 437 mentem:
488 398 535 437 me
552 399 662 453 quoquc
679 388 796 452 pectoris

199 455 329 509 Tentavit
345 455 375 510 in
392 455 466 510 dulci
479 456 597 524 juventa

236 530 340 585 Feruor
357 535 386 586 et
402 532 432 586 in
449 533 554 586 celeres
570 534 677 587 'iambos

164 604 243 660 Misit
260 606 412 671 furentem
429 622 501 660 nunc
519 624 570 675 ego
587 608 699 662 mitibus
893 621 916 661 m

164 678 276 733 Mutare
294 696 394 749 quaero
412 681 511 748 tristia,
530 682 596 735 dum
614 683 681 736 mihi

200 754 265 809 llius
282 756 430 809 recantatis
448 757 536 809 anrica

235 830 395 899 Opprobriis
412 830 588 901 animumque
605 832 713 887 reddas
730 902 738 914 ς

441 972 538 1027 XVII.
600 913 737 1045 ,ζ’-ἵζε»)
756 969 769 1002 ”
809 978 812 981 ’

164 1054 266 1109 Venox
283 1070 426 1109 amoenum
444 1072 527 1123 saepe
544 1056 708 1113 Lucretilem

164 1130 258 1184 Mutat
275 1130 380 1198 Lycaeo
399 1130 510 1183 Faunus
527 1134 557 1185 et
574 1132 683 1198 igneam

104 1270 108 1275 v
199 1204 332 1258 Defendit
349 1208 483 1259 aestatem
500 1206 611 1274 capellis

234 1280 330 1348 Usque
348 1280 417 1333 meis
434 1281 595 1349 pluviosque
613 1286 716 1338 ventos
798 1346 800 1350 ,

165 1354 282 1423 Impune
300 1357 392 1409 tutum
409 1373 460 1425 per
476 1373 574 1410 nemus
590 1358 703 1411 arbutos
884 1366 898 1408 ι

165 1431 306 1495 Quaerunt
323 1430 442 1485 latentes
460 1435 489 1485 et
505 1432 600 1499 thyma
617 1433 710 1489 deviae

199 1506 306 1560 Olentis
323 1522 422 1559 uxores
439 1508 539 1573 mariti,

232 1581 258 1634 N
261 1598 292 1634 ec
309 1581 411 1635 virides
429 1586 556 1637 metuunt
573 1584 698 1639 colubres

163 1656 224 1711 Nec
241 1656 383 1711 Martiales
401 1657 546 1712 Hacdiliac
563 1658 649 1727 lupos,

163 1732 311 1801 Utcunque
329 1732 409 1801 dulci,
427 1733 553 1802 Tyndari,
571 1735 663 1789 fistula
889 1750 912 1790 ro

197 1808 291 1862 Valles
309 1811 339 1862 et
356 1808 469 1862 Usticae
486 1809 611 1863 cubantis

231 1883 315 1937 Leria
331 1899 496 1951 personuere
515 1883 588 1938 sana

164 1954 200 2012 Di
217 1974 262 2013 me
280 1961 401 2026 tuentur,
419 1958 462 2012 dis
479 1960 568 2027 pietas
585 1976 648 2014 mea

164 2032 201 2087 llt
219 2034 300 2087 Musa
317 2034 392 2089 cordi
411 2038 460 2089 est.
496 2034 551 2088 Hic
568 2035 620 2088 tibi
638 2041 714 2103 copia

196 2108 321 2162 Manebit
338 2108 503 2177 adplenum
520 2110 638 2178 benigno
890 2128 912 2168 rr

232 2182 315 2240 Ruris
332 2184 464 2237 honorum
482 2186 609 2252 opulenta
627 2202 713 2241 cornu

162 2258 217 2312 Hic
234 2258 263 2311 in
280 2258 395 2331 reducta
412 2259 482 2313 valle
499 2260 643 2313 Caniculae
714 2307 722 2318 Α

163 2333 271 2387 Vitabis
288 2337 380 2387 aestus
398 2338 427 2388 et
444 2335 499 2388 fide
518 2336 584 2389 Teia
598 2358 638 2403 χι,
662 2366 669 2403 t
689 2396 693 2400 ,
715 2345 733 2383 'a
754 2329 786 2378 ἢ

196 2410 278 2463 Dices
296 2410 452 2464 laborantes
469 2411 497 2465 in
516 2427 570 2463 uno
630 2418 634 2433 ⁶

231 2484 385 2553 Penelopen
403 2485 571 2553 vitreamque
588 2486 701 2553 Circen;

161 2558 218 2614 Hic
235 2560 384 2614 innocentis
402 2560 497 2628 pocula
516 2561 608 2615 Lesbii

162 2634 321 2692 necessus
339 2634 443 2703 umbra,
461 2652 512 2689 nec
530 2637 682 2691 Semeleius

197 2710 266 2765 Cum
285 2710 376 2763 Marta
393 2711 542 2765 confundet
559 2711 705 2782 Thyoneus,
717 2736 727 2782 χ,
747 2756 753 2777 ,

231 2784 345 2851 Proelia,
364 2801 414 2839 nec
430 2788 537 2847 metues
553 2790 710 2855 protervum

161 2858 294 2927 Suspecta
313 2859 420 2927 Cyrum,
438 2876 474 2913 nc
491 2861 562 2914 male
579 2861 681 2929 dispari

161 2932 367 2989 Incontiuentes
385 2934 489 3003 injiciat
506 2952 602 2989 manus

195 3008 233 3063 m
251 3010 357 3063 scindet
375 3010 534 3063 haerentem
552 3026 678 3062 coronam

229 3082 358 3137 Crinibus
375 3084 594 3150 innueritamque
612 3089 723 3136 vestem
