2025 3409
87 76 132 123 133
359 70 515 120 nonam
531 68 662 120 nudem

86 154 227 207 Antumat.
264 149 341 204 Haec
352 150 471 218 populos,
483 150 550 203 baec
561 166 673 218 magnos
683 144 800 206 formula
810 166 896 221 reges
916 166 947 211 ss

85 228 206 295 Excepto
224 225 347 292 sapiente
364 229 449 279 tenet
484 226 511 277 N
513 241 565 278 unc
582 226 674 293 accipe
692 241 777 294 quare

85 301 228 371 Desipiaut
244 317 338 355 omnes
356 316 442 369 aeque
460 317 492 354 ac
509 303 541 354 tu
559 301 606 369 qui
623 300 675 355 tibi
692 317 790 355 nomen

85 377 185 432 Insano
201 392 324 446 posuere.
361 376 445 429 Velut
462 376 538 430 silvis
555 376 602 429 ubi
620 376 721 445 passim

85 452 212 506 Palantes
230 468 307 505 error
324 455 399 506 certo
417 451 453 505 de
469 451 583 505 tramite
600 451 686 521 pellit,

85 527 136 583 Ille
149 529 342 595 sinistrorsum,
354 527 399 581 hic
410 527 584 581 dextrorsum
597 526 668 581 abit:
686 544 756 581 unus
767 528 884 597 utrique
916 544 946 587 so

84 605 175 671 Error,
193 604 244 658 sed
260 603 342 657 variis
358 603 451 657 illudit
468 602 608 671 partibus;
625 603 676 657 hoc
693 606 722 657 te

84 680 173 735 Crede
190 680 272 733 modo
289 679 420 746 insanum,
438 678 523 731 nihilo
540 682 573 733 ut
591 678 740 748 sapientior
756 679 803 733 ille

84 756 137 820 Qui
154 759 183 810 te
200 755 310 809 deridet
328 754 441 808 caudam
459 754 560 807 trabat
595 754 647 808 Est
663 770 750 823 genus
767 772 852 809 unum

84 831 223 885 Stultitiaa
240 830 354 884 nihilum
371 829 522 883 metuenda
539 828 669 897 timentis,
687 834 719 884 ut
735 830 820 899 ignes,

86 908 124 960 Ut
141 923 223 975 rupes
241 906 391 973 fluviosque
408 904 438 958 in
455 920 551 973 campo
569 904 677 959 obstare
695 912 841 974 querutum
915 925 942 964 ss

84 982 212 1037 Alterum
230 984 259 1035 et
276 980 339 1034 huic
357 996 452 1033 varum
469 982 499 1033 et
517 980 601 1033 nihilo
619 980 768 1049 sapientius
786 982 863 1049 ignes

84 1058 139 1111 Per
155 1057 259 1111 medios
277 1055 428 1122 fluviosque
445 1056 565 1109 ruentis:
584 1054 682 1109 clamet
699 1056 784 1109 amica

83 1133 181 1197 Mater,
199 1132 314 1186 honesta
332 1146 408 1183 soror
425 1146 487 1183 cum
504 1130 634 1198 cognatis,
652 1134 738 1199 pater,
756 1147 839 1186 uxor:

83 1210 154 1262 ‘Hic
170 1208 242 1261 fossa
259 1209 302 1260 est
318 1206 422 1273 ingens.
440 1205 483 1259 bic
500 1222 584 1273 rupes
601 1206 725 1274 maxima,
744 1223 821 1260 serva
831 1208 846 1261 Ρ

83 1284 145 1337 Non
163 1284 249 1351 magis
266 1282 386 1336 audierit
403 1298 485 1349 quam
503 1280 598 1335 Fufius
616 1282 707 1335 ebrius
725 1282 796 1347 olim,
912 1300 939 1337 aa

83 1360 152 1414 Cum
171 1360 286 1413 Ilionam
303 1356 430 1422 edormit,
449 1356 571 1411 (lationis
588 1357 662 1410 mille
680 1357 812 1424 ducentis,

83 1436 197 1502 ‘blaten
215 1438 245 1489 te
262 1433 369 1503 appello
379 1434 394 1487 Γ
412 1431 599 1486 clamantibus
637 1430 709 1485 lIuic
727 1448 777 1500 ego
794 1432 892 1500 vulgus

83 1510 176 1564 Errom‘
193 1510 309 1564 similem
326 1511 452 1562 cunctum
470 1507 590 1559 insanire
608 1506 718 1560 docebo.

83 1587 191 1641 Insanit
207 1590 315 1639 veteres
332 1588 436 1638 statius
454 1582 637 1650 Damasippus
655 1581 783 1636 emendo:

84 1662 197 1731 Integer
214 1665 257 1715 est
274 1660 373 1713 mentis
392 1658 551 1726 Damasippi
569 1657 708 1712 creditori
744 1658 826 1713 Esto!
911 1676 937 1715 os

82 1739 185 1807 Accipe
202 1736 276 1806 quod
294 1750 433 1803 nunquam
451 1733 554 1786 reddas
571 1732 645 1800 mihi,
664 1732 686 1786 si
703 1733 755 1787 tibi
773 1733 869 1801 dicam,

83 1814 158 1867 Tune
174 1814 284 1866 insanus
302 1810 356 1863 eris
373 1810 397 1862 si
414 1809 570 1875 aoceperisl
588 1824 624 1861 an
642 1808 727 1876 magis
745 1824 840 1861 excors

83 1888 197 1957 Rejccta
213 1886 316 1955 praeda
333 1901 415 1952 quam
431 1900 562 1952 praesens
580 1883 733 1937 Mercurius
750 1883 823 1937 ferti

82 1964 190 2017 ‘Scribo
209 1964 304 2016 decem
322 1959 421 2024 Nerio;
439 1976 493 2011 non
511 1962 554 2012 est
572 1959 652 2012 satis:
670 1958 743 2012 adde
760 1958 873 2013 Cicutae

82 2039 107 2092 N
110 2040 185 2093 odosi
202 2038 310 2091 tabulas
327 2039 444 2102 centum,
462 2034 537 2087 mille
558 2034 630 2087 adde
648 2037 769 2088 catenas:
911 2051 935 2089 ro

82 2115 201 2183 Effugiet
218 2117 309 2167 tamar
326 2111 393 2164 haec
410 2110 558 2164 sceleratus
576 2109 682 2163 vincula
701 2109 824 2163 Proteus.

82 2190 152 2244 (ium
169 2189 258 2257 rapies
275 2187 303 2239 in
318 2185 366 2253 jus
382 2185 462 2239 malis
478 2184 616 2238 ridentem
634 2184 735 2251 alicnis,

82 2265 146 2319 Fiet
156 2281 230 2334 aper,
242 2262 323 2315 modo
335 2261 400 2328 avis,
412 2260 493 2313 modo
505 2276 602 2313 saxum
613 2264 643 2313 et
655 2276 715 2313 cnm
727 2260 801 2313 volet
812 2260 910 2315 arbor?

82 2342 111 2395 Si
127 2342 198 2395 male
215 2356 273 2394 rem
290 2353 387 2406 gerere
403 2336 490 2389 insani
509 2338 558 2403 est,
576 2341 671 2389 contra
688 2335 756 2389 bene
774 2338 841 2402 sani,

82 2416 208 2471 Putidius
224 2414 311 2467 multo
328 2411 470 2466 cerebrum
488 2414 539 2478 est,
557 2410 623 2463 mihi
641 2411 728 2476 crede,
748 2410 849 2479 Perilli
911 2426 936 2467 rs

81 2492 217 2547 Dictautis
235 2488 308 2559 qnod
325 2492 358 2542 tu
375 2502 515 2553 nunqnam
533 2484 683 2539 rescribere
700 2486 793 2554 possis.

82 2570 189 2623 Audire
207 2571 291 2635 atque
308 2569 400 2631 togam
414 2562 501 2630 jubeo
519 2578 686 2629 componere,
705 2562 829 2631 quisquis

82 2644 240 2698 Ambitione
258 2640 329 2694 mala
346 2642 395 2692 aut
412 2636 520 2705 argenti
538 2637 623 2705 pallet
640 2653 739 2707 amore,

81 2719 210 2788 Quisquis
226 2715 335 2771 luxuria
352 2713 460 2768 tristive
479 2712 674 2781 superstitione

82 2797 142 2849 Aut
158 2793 211 2848 alio
227 2790 329 2846 mentis
345 2789 440 2843 morbo
456 2789 544 2854 calet;
560 2788 613 2843 huc
629 2788 742 2858 propius
760 2805 813 2859 mo,
910 2806 937 2845 ω

81 2869 154 2921 Dum
172 2867 257 2919 doceo
273 2864 394 2917 insanire
411 2880 513 2931 omnes,
530 2879 578 2916 vos
596 2864 693 2918 ordine
711 2864 794 2919 adite.

82 2940 179 2993 Danda
186 2942 230 2990 est
240 2936 373 2990 hellebori
386 2938 472 2990 multo
490 2953 555 3005 pars
572 2939 691 2992 maxima
708 2940 811 3005 avaris3

82 3012 181 3065 Nescio
198 3027 233 3063 an
252 3010 411 3075 Anticyram
428 3011 499 3062 ratio
516 3010 570 3063 illis
588 3010 709 3065 destinet
726 3017 843 3072 omucu'r.

82 3084 211 3139 Herodes
228 3082 337 3137 Staberi
348 3097 481 3137 summam
498 3084 620 3139 incidere
637 3087 775 3156 sepulcro:
