2025 3409
51 60 58 73 ⁰
92 66 140 114 204
368 64 523 115 HORA'I'II
540 66 670 119 FLAOOI

92 142 243 209 Inciderit;
265 159 316 198 nec
333 148 432 213 quarta
449 143 524 213 loqui
541 162 657 215 persona
674 147 785 203 luberet

94 219 207 275 Actoris
223 222 318 288 partes
334 219 433 274 chorus
449 220 623 291 officiumque
639 222 718 276 virile

95 294 239 361 Defendet,
257 310 311 349 neu
328 295 397 365 quid
413 296 519 350 modios
537 295 683 352 intercinat
699 302 777 351 aetus

95 367 176 433 Quod
192 384 247 424 nen
263 372 405 440 preposite
421 371 559 427 conducet
574 374 603 428 et
619 373 733 429 haereat
749 378 821 442 apte
914 390 946 431 aa

96 442 148 497 Ille
164 441 244 499 benis
260 446 406 515 faveatque
423 452 453 502 et
469 448 628 503 consilietur
645 450 738 517 amice,

95 518 133 573 nt
149 524 229 588 regat
245 521 331 576 iratos
347 526 378 577 et
394 527 469 577 amet
484 528 599 592 peceare
616 522 759 587 timentes3

96 594 149 651 Ille
165 595 252 664 dapes
269 596 364 651 laudet
380 613 492 652 mensae
509 598 609 666 brevis,
627 599 674 653 ille
692 597 829 652 salubrem

95 670 239 726 iustitiam
256 671 385 741 legesque
402 677 433 727 et
449 674 553 742 apertis
570 674 627 729 otia
643 674 744 742 pertis;

96 747 149 802 Ille
165 750 243 816 tegat
260 748 404 802 commissa
421 748 542 818 deosque
558 753 686 818 precetur
702 753 733 804 et
749 752 817 817 eret,
912 751 961 805 ω’

96 822 137 877 Ut
154 824 251 878 redeat
268 822 383 892 miseris,
401 824 484 878 abeat
500 826 611 879 fortuna
628 823 761 893 superbis,

96 897 175 953 'libia
191 914 244 953 neu
261 902 294 953 ut
311 915 383 953 nune
400 900 534 954 orichalco
550 900 642 954 vineta
657 898 795 968 tubaeque

97 975 223 1043 Aemula,
240 973 292 1029 sed
308 975 400 1029 tenuis
418 974 587 1045 simplexque
603 975 735 1029 foramine
751 990 838 1044 pauco

97 1049 250 1118 Adspirare
266 1052 297 1105 et
313 1050 411 1105 adesse
427 1051 517 1106 eberis
534 1054 595 1105 erat
611 1050 688 1105 utilis
705 1054 788 1119 atque

96 1123 227 1180 Nondum
244 1126 332 1195 spissa
347 1126 429 1180 nimis
445 1125 581 1194 complere
598 1125 695 1179 sedilia
712 1125 793 1190 flatu;
912 1140 948 1181 aes

97 1200 157 1264 Quo
175 1216 240 1255 sane
256 1201 373 1269 populus
390 1201 566 1256 numerabilis
583 1204 680 1270 utpote
696 1216 797 1270 parvus

97 1275 134 1330 lit
150 1276 223 1345 frugi
241 1279 386 1346 castusque
403 1278 628 1345 verecundusque
644 1276 743 1331 coibat.

98 1350 246 1421 Postquam
263 1352 354 1421 eoepit
371 1368 451 1421 agros
468 1351 618 1407 extendere
636 1351 723 1405 victer
740 1355 770 1406 et
787 1350 870 1407 urbes

97 1426 191 1481 latior
207 1428 335 1496 amplecti
354 1444 449 1483 murus
465 1427 584 1497 vinoque
602 1427 699 1481 diurno

98 1501 203 1556 Plaoari
221 1502 324 1557 Genius
341 1503 421 1557 festis
437 1503 551 1571 impune
570 1501 675 1569 diebus,
904 1512 951 1559 'rie
997 1526 1001 1539 ·

98 1578 222 1632 Amessit
237 1578 414 1645 numerisque
431 1578 574 1647 modisque
591 1576 702 1631 licentia
718 1578 821 1646 majer;

98 1653 229 1708 Indoctus
246 1651 315 1722 quid
331 1653 405 1707 enim
422 1656 534 1722 saperet
551 1653 676 1721 liberque
693 1652 817 1706 laborum
877 1682 880 1688 -
935 1662 939 1673 ·

98 1726 227 1782 Rusticus
243 1725 349 1780 urbano
366 1727 502 1795 confusus,
521 1728 610 1797 turpis
629 1729 763 1782 honestet

97 1804 142 1860 Sic
158 1804 263 1874 priscae
279 1807 439 1873 metumque
457 1806 486 1858 et
503 1803 640 1859 luxuriem
657 1802 766 1858 addidit
782 1804 836 1857 arti
933 1826 937 1836 ·

97 1880 209 1935 'tibicen
227 1880 367 1948 traxitque
384 1896 470 1948 sagus
487 1896 540 1948 per
556 1879 664 1949 pulpita
679 1881 800 1943 vestem3
915 1896 954 1935 ns

96 1955 142 2011 Sic
159 1957 244 2011 etiam
260 1955 360 2009 fidibus
378 1970 459 2009 voees
476 1960 588 2009 'crevere
605 1954 715 2021 severis,

97 2031 135 2087 llt
151 2031 217 2087 tulit
233 2030 372 2101 cloquium
389 2030 529 2084 insolitum
546 2029 674 2084 facundie
689 2044 826 2099 praeceps,

97 2107 268 2176 Utiliumque
284 2123 369 2175 sagax
386 2122 479 2160 rerum
497 2108 527 2160 ct
544 2104 636 2170 dimna
650 2104 736 2159 futuri

96 2183 239 2251 Sortilegis
256 2198 311 2236 nen
327 2181 479 2250 discrepuit
496 2181 634 2235 sententia
651 2178 774 2248 Delphis.

97 2258 223 2317 carmus
240 2257 288 2326 qui
304 2258 408 2325 tragice
425 2257 508 2311 vilem
526 2256 642 2311 certavit
659 2253 694 2309 eb
711 2254 826 2321 hircum,
914 2270 953 2310 sao

96 2334 163 2389 Mox
179 2333 263 2388 ctiam
281 2335 403 2401 agrestes
422 2332 534 2401 Satyros
552 2330 673 2397 nudavit,
692 2332 722 2383 et
738 2344 819 2397 asper

96 2408 230 2464 Incolumi
247 2408 383 2477 gravitate
396 2407 491 2476 jocum
509 2407 635 2473 tentavit,
653 2422 686 2459 ee
703 2404 777 2477 quod

97 2482 238 2539 Illecebris
256 2485 316 2537 erat
333 2486 363 2537 et
379 2486 460 2550 grata
477 2482 600 2537 novitate
616 2480 765 2535 morandus

95 2560 248 2628 Spectator,
267 2558 431 2627 functusque
449 2558 534 2612 sacris
552 2561 582 2612 et
599 2560 681 2626 potus
698 2559 728 2610 et
745 2554 832 2610 exlex.

95 2634 200 2689 Verum
216 2634 258 2689 ita
274 2633 381 2700 risores,
399 2634 440 2688 ita
456 2632 649 2687 commendare
666 2628 791 2686 dicaces
913 2645 953 2687 aas
1002 2628 1003 2632 ’

97 2710 247 2767 Conveniet
264 2708 383 2777 Satyros,
401 2709 442 2762 ita
459 2712 569 2763 vertere
587 2708 660 2762 seria
676 2707 750 2774 lude,

96 2785 141 2838 Ne
157 2787 312 2853 quicunque
328 2783 404 2850 deus,
421 2783 578 2851 quicunque
595 2781 772 2837 adhibebitur
788 2780 874 2848 heres,

97 2856 194 2923 Regali
211 2859 372 2923 conspectus
388 2857 417 2910 in
435 2872 502 2910 auro
519 2873 608 2925 nuper
625 2860 656 2911 et
672 2860 754 2924 ostro,

96 2928 200 2993 Migret
216 2930 245 2981 in
262 2929 391 2982 obscuras
408 2930 505 2982 humili
523 2946 649 2985 sermone
665 2930 803 2998 tabernas,

97 3001 157 3051 Aut
173 3001 238 3051 dum
255 3001 325 3053 vitat
342 3001 454 3055 humum
471 3002 559 3057 nubes
576 3009 606 3059 et
622 3005 713 3059 inania
730 3008 831 3074 captet.
910 3022 950 3063 ase

97 3070 212 3123 Effutire
229 3072 303 3125 leves
319 3073 431 3140 indigna
449 3076 602 3143 Tragoedia
618 3095 721 3147 versus,

895 3304 897 3311 r
995 3190 998 3317 l
