<?xml version="1.0" encoding="UTF-8"?>
<!DOCTYPE html PUBLIC "-//W3C//DTD XHTML 1.0 Transitional//EN"
    "http://www.w3.org/TR/xhtml1/DTD/xhtml1-transitional.dtd">
<html xmlns="http://www.w3.org/1999/xhtml" xml:lang="en" lang="en">
 <head>
  <title>
</title>
<meta http-equiv="Content-Type" content="text/html;charset=utf-8" />
  <meta name='ocr-system' content='tesseract 3.04.00' />
  <meta name='ocr-capabilities' content='ocr_page ocr_carea ocr_par ocr_line ocrx_word'/>
</head>
<body>
  <div class='ocr_page' id='page_1' title='image "./quintihoratiifl02maclgoog_0148.png"; bbox 0 0 2025 3409; ppageno 0'>
   <div class='ocr_carea' id='block_1_1' title="bbox 96 15 964 2799">
    <p class='ocr_par' dir='ltr' id='par_1_1' title="bbox 105 15 683 78">
     <span class='ocr_line' id='line_1_1' title="bbox 105 15 683 78; baseline -0.007 -11"><span class='ocrx_word' id='word_1_1' title='bbox 105 20 151 67; x_wconf 73' lang='lat' dir='ltr'><strong>lac</strong></span> <span class='ocrx_word' id='word_1_2' title='bbox 368 15 537 78; x_wconf 49' lang='lat' dir='ltr'><strong>,nonam</strong></span> <span class='ocrx_word' id='word_1_3' title='bbox 555 15 683 64; x_wconf 80' lang='lat' dir='ltr'>FLACCI</span> 
     </span>
    </p>

    <p class='ocr_par' dir='ltr' id='par_1_2' title="bbox 103 92 798 163">
     <span class='ocr_line' id='line_1_2' title="bbox 103 92 798 163; baseline 0.007 -18"><span class='ocrx_word' id='word_1_4' title='bbox 103 94 158 149; x_wconf 86' lang='lat' dir='ltr'><strong>Vix</strong></span> <span class='ocrx_word' id='word_1_5' title='bbox 175 99 267 150; x_wconf 88' lang='lat' dir='ltr'><strong>tamen</strong></span> <span class='ocrx_word' id='word_1_6' title='bbox 286 92 401 162; x_wconf 77' lang='lat' dir='ltr'><strong>eripiam</strong></span> <span class='ocrx_word' id='word_1_7' title='bbox 418 93 507 161; x_wconf 92' lang='lat' dir='ltr'><strong>posito</strong></span> <span class='ocrx_word' id='word_1_8' title='bbox 525 110 631 163; x_wconf 79' lang='lat' dir='ltr'><strong>pavone</strong></span> <span class='ocrx_word' id='word_1_9' title='bbox 647 95 714 149; x_wconf 78' lang='lat' dir='ltr'><strong>velis</strong></span> <span class='ocrx_word' id='word_1_10' title='bbox 732 95 798 163; x_wconf 89' lang='lat' dir='ltr'><strong>quin</strong></span> 
     </span>
    </p>

    <p class='ocr_par' dir='ltr' id='par_1_3' title="bbox 102 169 763 239">
     <span class='ocr_line' id='line_1_3' title="bbox 102 169 763 239; baseline 0 -16"><span class='ocrx_word' id='word_1_11' title='bbox 102 170 164 223; x_wconf 87' lang='lat' dir='ltr'><strong>Hoc</strong></span> <span class='ocrx_word' id='word_1_12' title='bbox 180 170 271 238; x_wconf 89' lang='lat' dir='ltr'><strong>potius</strong></span> <span class='ocrx_word' id='word_1_13' title='bbox 289 184 371 235; x_wconf 88' lang='lat' dir='ltr'><strong>quam</strong></span> <span class='ocrx_word' id='word_1_14' title='bbox 387 169 488 236; x_wconf 82' lang='lat' dir='ltr'><strong>gallina</strong></span> <span class='ocrx_word' id='word_1_15' title='bbox 505 172 616 237; x_wconf 80' lang='lat' dir='ltr'><strong>tergere</strong></span> <span class='ocrx_word' id='word_1_16' title='bbox 634 169 763 239; x_wconf 86' lang='lat' dir='ltr'><strong>palatum,</strong></span> 
     </span>
    </p>

    <p class='ocr_par' dir='ltr' id='par_1_4' title="bbox 99 243 964 840">
     <span class='ocr_line' id='line_1_4' title="bbox 102 243 964 313; baseline 0.005 -15"><span class='ocrx_word' id='word_1_17' title='bbox 102 244 253 313; x_wconf 72' lang='lat' dir='ltr'>Corruptus</span> <span class='ocrx_word' id='word_1_18' title='bbox 270 243 346 296; x_wconf 82' lang='lat' dir='ltr'><strong>ranis</strong></span> <span class='ocrx_word' id='word_1_19' title='bbox 363 260 463 311; x_wconf 88' lang='lat' dir='ltr'><strong>rerum,</strong></span> <span class='ocrx_word' id='word_1_20' title='bbox 481 244 545 312; x_wconf 88' lang='lat' dir='ltr'><strong>quia</strong></span> <span class='ocrx_word' id='word_1_21' title='bbox 563 250 745 299; x_wconf 49' lang='lat' dir='ltr'><strong>veneat‘auro</strong></span> <span class='ocrx_word' id='word_1_22' title='bbox 931 261 964 302; x_wconf 59' lang='lat' dir='ltr'><strong>a</strong></span> 
     </span>
     <span class='ocr_line' id='line_1_5' title="bbox 102 318 798 387; baseline 0.004 -15"><span class='ocrx_word' id='word_1_23' title='bbox 102 318 175 373; x_wconf 87' lang='lat' dir='ltr'><strong>Rara</strong></span> <span class='ocrx_word' id='word_1_24' title='bbox 191 320 248 373; x_wconf 86' lang='lat' dir='ltr'><strong>avis</strong></span> <span class='ocrx_word' id='word_1_25' title='bbox 266 322 295 372; x_wconf 91' lang='lat' dir='ltr'><strong>et</strong></span> <span class='ocrx_word' id='word_1_26' title='bbox 312 318 387 386; x_wconf 86' lang='lat' dir='ltr'><strong>picta</strong></span> <span class='ocrx_word' id='word_1_27' title='bbox 403 320 507 387; x_wconf 79' lang='lat' dir='ltr'>pandat</span> <span class='ocrx_word' id='word_1_28' title='bbox 525 321 680 387; x_wconf 85' lang='lat' dir='ltr'><strong>spectacula</strong></span> <span class='ocrx_word' id='word_1_29' title='bbox 697 321 798 387; x_wconf 85' lang='lat' dir='ltr'><strong>cauda;</strong></span> 
     </span>
     <span class='ocr_line' id='line_1_6' title="bbox 101 394 963 464; baseline 0.005 -16"><span class='ocrx_word' id='word_1_30' title='bbox 101 395 249 464; x_wconf 76' lang='lat' dir='ltr'><strong>Tamquam</strong></span> <span class='ocrx_word' id='word_1_31' title='bbox 261 394 298 448; x_wconf 85' lang='lat' dir='ltr'><strong>ad</strong></span> <span class='ocrx_word' id='word_1_32' title='bbox 308 411 368 448; x_wconf 90' lang='lat' dir='ltr'><strong>rem</strong></span> <span class='ocrx_word' id='word_1_33' title='bbox 380 395 497 449; x_wconf 81' lang='lat' dir='ltr'><strong>attineat</strong></span> <span class='ocrx_word' id='word_1_34' title='bbox 510 396 667 464; x_wconf 83' lang='lat' dir='ltr'><strong>quidquam.</strong></span> <span class='ocrx_word' id='word_1_35' title='bbox 690 398 716 450; x_wconf 90' lang='lat' dir='ltr'>N</span> <span class='ocrx_word' id='word_1_36' title='bbox 718 414 764 450; x_wconf 88' lang='lat' dir='ltr'><strong>um</strong></span> <span class='ocrx_word' id='word_1_37' title='bbox 773 399 889 451; x_wconf 78' lang='lat' dir='ltr'><strong>vesceris</strong></span> <span class='ocrx_word' id='word_1_38' title='bbox 898 400 963 453; x_wconf 80' lang='lat' dir='ltr'><strong>ista</strong></span> 
     </span>
     <span class='ocr_line' id='line_1_7' title="bbox 101 469 952 538; baseline 0.004 -13"><span class='ocrx_word' id='word_1_39' title='bbox 101 469 189 534; x_wconf 87' lang='lat' dir='ltr'><strong>Quam</strong></span> <span class='ocrx_word' id='word_1_40' title='bbox 206 470 303 524; x_wconf 87' lang='lat' dir='ltr'><strong>laudas</strong></span> <span class='ocrx_word' id='word_1_41' title='bbox 319 470 430 538; x_wconf 80' lang='lat' dir='ltr'><strong>plumat</strong></span> <span class='ocrx_word' id='word_1_42' title='bbox 467 470 552 524; x_wconf 79' lang='lat' dir='ltr'><strong>(laeto</strong></span> <span class='ocrx_word' id='word_1_43' title='bbox 569 488 634 525; x_wconf 92' lang='lat' dir='ltr'><strong>num</strong></span> <span class='ocrx_word' id='word_1_44' title='bbox 652 471 732 527; x_wconf 85' lang='lat' dir='ltr'><strong>adest</strong></span> <span class='ocrx_word' id='word_1_45' title='bbox 748 473 835 526; x_wconf 91' lang='lat' dir='ltr'><strong>honor</strong></span> <span class='ocrx_word' id='word_1_46' title='bbox 852 473 952 528; x_wconf 77' lang='lat' dir='ltr'><strong>ideml</strong></span> 
     </span>
     <span class='ocr_line' id='line_1_8' title="bbox 101 544 871 615; baseline 0.004 -16"><span class='ocrx_word' id='word_1_47' title='bbox 101 546 189 601; x_wconf 86' lang='lat' dir='ltr'><strong>Carne</strong></span> <span class='ocrx_word' id='word_1_48' title='bbox 205 550 298 600; x_wconf 86' lang='lat' dir='ltr'><strong>tamen</strong></span> <span class='ocrx_word' id='word_1_49' title='bbox 316 544 440 612; x_wconf 83' lang='lat' dir='ltr'><strong>quamvis</strong></span> <span class='ocrx_word' id='word_1_50' title='bbox 458 545 544 599; x_wconf 83' lang='lat' dir='ltr'><strong>distat</strong></span> <span class='ocrx_word' id='word_1_51' title='bbox 560 546 607 615; x_wconf 88' lang='lat' dir='ltr'><strong>nil,</strong></span> <span class='ocrx_word' id='word_1_52' title='bbox 625 547 675 601; x_wconf 86' lang='lat' dir='ltr'><strong>hae</strong></span> <span class='ocrx_word' id='word_1_53' title='bbox 691 546 779 615; x_wconf 81' lang='lat' dir='ltr'><strong>magis</strong></span> <span class='ocrx_word' id='word_1_54' title='bbox 796 548 871 602; x_wconf 87' lang='lat' dir='ltr'><strong>illam</strong></span> 
     </span>
     <span class='ocr_line' id='line_1_9' title="bbox 100 620 960 691; baseline 0.005 -16"><span class='ocrx_word' id='word_1_55' title='bbox 100 620 255 691; x_wconf 77' lang='lat' dir='ltr'><strong>Impar-ibus</strong></span> <span class='ocrx_word' id='word_1_56' title='bbox 272 621 366 673; x_wconf 77' lang='lat' dir='ltr'><strong>formis</strong></span> <span class='ocrx_word' id='word_1_57' title='bbox 383 620 529 689; x_wconf 85' lang='lat' dir='ltr'><strong>deceptum</strong></span> <span class='ocrx_word' id='word_1_58' title='bbox 547 625 576 675; x_wconf 89' lang='lat' dir='ltr'><strong>te</strong></span> <span class='ocrx_word' id='word_1_59' title='bbox 593 626 705 690; x_wconf 87' lang='lat' dir='ltr'><strong>petere!</strong></span> <span class='ocrx_word' id='word_1_60' title='bbox 743 623 827 677; x_wconf 83' lang='lat' dir='ltr'><strong>Esto:</strong></span> <span class='ocrx_word' id='word_1_61' title='bbox 930 641 960 679; x_wconf 78' lang='lat' dir='ltr'><strong>so</strong></span> 
     </span>
     <span class='ocr_line' id='line_1_10' title="bbox 99 694 845 763; baseline 0.001 -13"><span class='ocrx_word' id='word_1_62' title='bbox 99 696 182 751; x_wconf 90' lang='lat' dir='ltr'><strong>Unde</strong></span> <span class='ocrx_word' id='word_1_63' title='bbox 199 697 295 751; x_wconf 90' lang='lat' dir='ltr'><strong>datum</strong></span> <span class='ocrx_word' id='word_1_64' title='bbox 312 694 398 749; x_wconf 89' lang='lat' dir='ltr'><strong>sentis</strong></span> <span class='ocrx_word' id='word_1_65' title='bbox 415 695 494 763; x_wconf 92' lang='lat' dir='ltr'><strong>lupus</strong></span> <span class='ocrx_word' id='word_1_66' title='bbox 512 696 558 750; x_wconf 90' lang='lat' dir='ltr'><strong>hic</strong></span> <span class='ocrx_word' id='word_1_67' title='bbox 575 697 718 752; x_wconf 76' lang='lat' dir='ltr'><strong>Tiberinus</strong></span> <span class='ocrx_word' id='word_1_68' title='bbox 735 714 769 751; x_wconf 87' lang='lat' dir='ltr'><strong>an</strong></span> <span class='ocrx_word' id='word_1_69' title='bbox 788 698 845 751; x_wconf 88' lang='lat' dir='ltr'><strong>alto</strong></span> 
     </span>
     <span class='ocr_line' id='line_1_11' title="bbox 100 771 821 840; baseline 0.003 -15"><span class='ocrx_word' id='word_1_70' title='bbox 100 772 202 840; x_wconf 84' lang='lat' dir='ltr'><strong>Captus</strong></span> <span class='ocrx_word' id='word_1_71' title='bbox 220 772 285 837; x_wconf 88' lang='lat' dir='ltr'><strong>hiet,</strong></span> <span class='ocrx_word' id='word_1_72' title='bbox 303 774 438 840; x_wconf 89' lang='lat' dir='ltr'><strong>pontesne</strong></span> <span class='ocrx_word' id='word_1_73' title='bbox 455 771 528 825; x_wconf 90' lang='lat' dir='ltr'><strong>inter</strong></span> <span class='ocrx_word' id='word_1_74' title='bbox 540 772 662 840; x_wconf 87' lang='lat' dir='ltr'><strong>jactatus</strong></span> <span class='ocrx_word' id='word_1_75' title='bbox 680 790 715 827; x_wconf 88' lang='lat' dir='ltr'><strong>an</strong></span> <span class='ocrx_word' id='word_1_76' title='bbox 733 774 821 827; x_wconf 88' lang='lat' dir='ltr'><strong>amnis</strong></span> 
     </span>
    </p>

    <p class='ocr_par' dir='ltr' id='par_1_5' title="bbox 100 845 788 916">
     <span class='ocr_line' id='line_1_12' title="bbox 100 845 788 916; baseline 0.003 -17"><span class='ocrx_word' id='word_1_77' title='bbox 100 847 179 900; x_wconf 87' lang='lat' dir='ltr'><strong>Ostia</strong></span> <span class='ocrx_word' id='word_1_78' title='bbox 196 846 247 900; x_wconf 90' lang='lat' dir='ltr'><strong>sub</strong></span> <span class='ocrx_word' id='word_1_79' title='bbox 264 845 361 899; x_wconf 78' lang='lat' dir='ltr'><strong>Tuscil</strong></span> <span class='ocrx_word' id='word_1_80' title='bbox 398 846 514 913; x_wconf 82' lang='lat' dir='ltr'><strong>Laudas,</strong></span> <span class='ocrx_word' id='word_1_81' title='bbox 532 847 634 916; x_wconf 89' lang='lat' dir='ltr'><strong>insane,</strong></span> <span class='ocrx_word' id='word_1_82' title='bbox 652 848 788 902; x_wconf 85' lang='lat' dir='ltr'><strong>trilibrem</strong></span> 
     </span>
    </p>

    <p class='ocr_par' dir='ltr' id='par_1_6' title="bbox 99 921 959 1140">
     <span class='ocr_line' id='line_1_13' title="bbox 99 921 959 991; baseline 0.005 -16"><span class='ocrx_word' id='word_1_83' title='bbox 99 922 216 976; x_wconf 89' lang='lat' dir='ltr'><strong>Mullum</strong></span> <span class='ocrx_word' id='word_1_84' title='bbox 231 922 259 974; x_wconf 91' lang='lat' dir='ltr'><strong>in</strong></span> <span class='ocrx_word' id='word_1_85' title='bbox 276 921 381 988; x_wconf 84' lang='lat' dir='ltr'><strong>singula</strong></span> <span class='ocrx_word' id='word_1_86' title='bbox 397 938 479 987; x_wconf 92' lang='lat' dir='ltr'><strong>quem</strong></span> <span class='ocrx_word' id='word_1_87' title='bbox 494 922 601 977; x_wconf 90' lang='lat' dir='ltr'><strong>minuas</strong></span> <span class='ocrx_word' id='word_1_88' title='bbox 616 924 757 991; x_wconf 91' lang='lat' dir='ltr'><strong>pulmenta</strong></span> <span class='ocrx_word' id='word_1_89' title='bbox 772 940 886 978; x_wconf 89' lang='lat' dir='ltr'><strong>neeesse</strong></span> <span class='ocrx_word' id='word_1_90' title='bbox 904 929 959 979; x_wconf 82' lang='lat' dir='ltr'><strong>est</strong></span> 
     </span>
     <span class='ocr_line' id='line_1_14' title="bbox 99 996 958 1067; baseline 0.007 -17"><span class='ocrx_word' id='word_1_91' title='bbox 99 997 183 1051; x_wconf 84' lang='lat' dir='ltr'><strong>Ducit</strong></span> <span class='ocrx_word' id='word_1_92' title='bbox 199 1001 228 1051; x_wconf 89' lang='lat' dir='ltr'><strong>te</strong></span> <span class='ocrx_word' id='word_1_93' title='bbox 245 996 349 1065; x_wconf 87' lang='lat' dir='ltr'><strong>species</strong></span> <span class='ocrx_word' id='word_1_94' title='bbox 365 996 460 1050; x_wconf 82' lang='lat' dir='ltr'><strong>video:</strong></span> <span class='ocrx_word' id='word_1_95' title='bbox 478 1014 533 1065; x_wconf 93' lang='lat' dir='ltr'><strong>quo</strong></span> <span class='ocrx_word' id='word_1_96' title='bbox 550 998 670 1067; x_wconf 85' lang='lat' dir='ltr'><strong>pertinet</strong></span> <span class='ocrx_word' id='word_1_97' title='bbox 688 1016 753 1067; x_wconf 71' lang='lat' dir='ltr'><strong>ergo</strong></span> <span class='ocrx_word' id='word_1_98' title='bbox 931 1017 958 1056; x_wconf 77' lang='lat' dir='ltr'><strong>ss</strong></span> 
     </span>
     <span class='ocr_line' id='line_1_15' title="bbox 99 1072 748 1140; baseline 0.003 -14"><span class='ocrx_word' id='word_1_99' title='bbox 99 1073 230 1127; x_wconf 79' lang='lat' dir='ltr'><strong>Procerus</strong></span> <span class='ocrx_word' id='word_1_100' title='bbox 248 1072 338 1126; x_wconf 90' lang='lat' dir='ltr'><strong>odisse</strong></span> <span class='ocrx_word' id='word_1_101' title='bbox 355 1072 449 1140; x_wconf 84' lang='lat' dir='ltr'><strong>luposl</strong></span> <span class='ocrx_word' id='word_1_102' title='bbox 486 1072 557 1137; x_wconf 82' lang='lat' dir='ltr'><strong>Quia</strong></span> <span class='ocrx_word' id='word_1_103' title='bbox 574 1074 677 1128; x_wconf 90' lang='lat' dir='ltr'><strong>scilicet</strong></span> <span class='ocrx_word' id='word_1_104' title='bbox 694 1074 748 1128; x_wconf 90' lang='lat' dir='ltr'><strong>illis</strong></span> 
     </span>
    </p>

    <p class='ocr_par' dir='ltr' id='par_1_7' title="bbox 98 1146 873 1218">
     <span class='ocr_line' id='line_1_16' title="bbox 98 1146 873 1218; baseline 0.004 -16"><span class='ocrx_word' id='word_1_105' title='bbox 98 1146 233 1216; x_wconf 85' lang='lat' dir='ltr'><strong>Majorem</strong></span> <span class='ocrx_word' id='word_1_106' title='bbox 249 1151 347 1200; x_wconf 87' lang='lat' dir='ltr'><strong>natura</strong></span> <span class='ocrx_word' id='word_1_107' title='bbox 364 1147 474 1200; x_wconf 90' lang='lat' dir='ltr'><strong>modum</strong></span> <span class='ocrx_word' id='word_1_108' title='bbox 492 1147 578 1215; x_wconf 86' lang='lat' dir='ltr'><strong>dedit,</strong></span> <span class='ocrx_word' id='word_1_109' title='bbox 595 1148 638 1201; x_wconf 91' lang='lat' dir='ltr'><strong>his</strong></span> <span class='ocrx_word' id='word_1_110' title='bbox 656 1148 741 1203; x_wconf 84' lang='lat' dir='ltr'><strong>breve</strong></span> <span class='ocrx_word' id='word_1_111' title='bbox 758 1151 873 1218; x_wconf 83' lang='lat' dir='ltr'><strong>pondua</strong></span> 
     </span>
    </p>

    <p class='ocr_par' dir='ltr' id='par_1_8' title="bbox 98 1222 732 1291">
     <span class='ocr_line' id='line_1_17' title="bbox 98 1222 732 1291; baseline 0.006 -16"><span class='ocrx_word' id='word_1_112' title='bbox 98 1222 118 1275; x_wconf 84' lang='lat' dir='ltr'>J</span> <span class='ocrx_word' id='word_1_113' title='bbox 120 1223 218 1291; x_wconf 88' lang='lat' dir='ltr'><strong>ejunus</strong></span> <span class='ocrx_word' id='word_1_114' title='bbox 235 1240 296 1276; x_wconf 90' lang='lat' dir='ltr'><strong>raro</strong></span> <span class='ocrx_word' id='word_1_115' title='bbox 314 1222 467 1275; x_wconf 76' lang='lat' dir='ltr'><strong>stomachus</strong></span> <span class='ocrx_word' id='word_1_116' title='bbox 485 1222 608 1290; x_wconf 78' lang='lat' dir='ltr'><strong>vulgaria</strong></span> <span class='ocrx_word' id='word_1_117' title='bbox 624 1224 732 1279; x_wconf 83' lang='lat' dir='ltr'><strong>temnit.</strong></span> 
     </span>
    </p>

    <p class='ocr_par' dir='ltr' id='par_1_9' title="bbox 98 1298 791 1366">
     <span class='ocr_line' id='line_1_18' title="bbox 98 1298 791 1366; baseline 0.006 -16"><span class='ocrx_word' id='word_1_118' title='bbox 98 1298 278 1351; x_wconf 88' lang='lat' dir='ltr'><strong>“Porrectum</strong></span> <span class='ocrx_word' id='word_1_119' title='bbox 296 1313 394 1364; x_wconf 84' lang='lat' dir='ltr'><strong>magno</strong></span> <span class='ocrx_word' id='word_1_120' title='bbox 411 1314 541 1364; x_wconf 83' lang='lat' dir='ltr'><strong>magnum</strong></span> <span class='ocrx_word' id='word_1_121' title='bbox 560 1302 683 1366; x_wconf 88' lang='lat' dir='ltr'><strong>spectare</strong></span> <span class='ocrx_word' id='word_1_122' title='bbox 700 1300 791 1354; x_wconf 89' lang='lat' dir='ltr'><strong>catino</strong></span> 
     </span>
    </p>

    <p class='ocr_par' dir='ltr' id='par_1_10' title="bbox 97 1371 957 1971">
     <span class='ocr_line' id='line_1_19' title="bbox 97 1371 957 1441; baseline 0.007 -16"><span class='ocrx_word' id='word_1_123' title='bbox 97 1372 227 1441; x_wconf 86' lang='lat' dir='ltr'><strong>Vellem‚”</strong></span> <span class='ocrx_word' id='word_1_124' title='bbox 239 1373 279 1426; x_wconf 86' lang='lat' dir='ltr'><strong>ait</strong></span> <span class='ocrx_word' id='word_1_125' title='bbox 298 1371 427 1440; x_wconf 82' lang='lat' dir='ltr'><strong>Harpyiis</strong></span> <span class='ocrx_word' id='word_1_126' title='bbox 444 1371 509 1439; x_wconf 87' lang='lat' dir='ltr'><strong>gula</strong></span> <span class='ocrx_word' id='word_1_127' title='bbox 526 1372 609 1439; x_wconf 85' lang='lat' dir='ltr'><strong>digna</strong></span> <span class='ocrx_word' id='word_1_128' title='bbox 626 1372 776 1441; x_wconf 84' lang='lat' dir='ltr'><strong>rapacibus.</strong></span> <span class='ocrx_word' id='word_1_129' title='bbox 807 1375 919 1441; x_wconf 78' lang='lat' dir='ltr'><strong>Atros,</strong></span> <span class='ocrx_word' id='word_1_130' title='bbox 933 1392 957 1431; x_wconf 69' lang='lat' dir='ltr'><strong>ao</strong></span> 
     </span>
     <span class='ocr_line' id='line_1_20' title="bbox 98 1447 956 1518; baseline 0.003 -17"><span class='ocrx_word' id='word_1_131' title='bbox 98 1448 261 1503; x_wconf 81' lang='lat' dir='ltr'><strong>Praesentcs</strong></span> <span class='ocrx_word' id='word_1_132' title='bbox 280 1448 383 1514; x_wconf 85' lang='lat' dir='ltr'><strong>Austri,</strong></span> <span class='ocrx_word' id='word_1_133' title='bbox 396 1448 504 1515; x_wconf 88' lang='lat' dir='ltr'><strong>coquito</strong></span> <span class='ocrx_word' id='word_1_134' title='bbox 521 1447 618 1501; x_wconf 85' lang='lat' dir='ltr'><strong>horum</strong></span> <span class='ocrx_word' id='word_1_135' title='bbox 630 1448 956 1518; x_wconf 74' lang='lat' dir='ltr'><strong>obsonia-quamquain</strong></span> 
     </span>
     <span class='ocr_line' id='line_1_21' title="bbox 98 1522 896 1593; baseline 0.001 -16"><span class='ocrx_word' id='word_1_136' title='bbox 98 1522 183 1578; x_wconf 90' lang='lat' dir='ltr'><strong>Putet</strong></span> <span class='ocrx_word' id='word_1_137' title='bbox 199 1540 266 1592; x_wconf 85' lang='lat' dir='ltr'><strong>aper</strong></span> <span class='ocrx_word' id='word_1_138' title='bbox 282 1523 465 1590; x_wconf 85' lang='lat' dir='ltr'><strong>rhombusque</strong></span> <span class='ocrx_word' id='word_1_139' title='bbox 481 1538 584 1590; x_wconf 85' lang='lat' dir='ltr'><strong>reeens,</strong></span> <span class='ocrx_word' id='word_1_140' title='bbox 603 1523 674 1577; x_wconf 89' lang='lat' dir='ltr'><strong>mala</strong></span> <span class='ocrx_word' id='word_1_141' title='bbox 692 1524 769 1592; x_wconf 87' lang='lat' dir='ltr'><strong>copia</strong></span> <span class='ocrx_word' id='word_1_142' title='bbox 786 1524 896 1593; x_wconf 89' lang='lat' dir='ltr'><strong>quaudo</strong></span> 
     </span>
     <span class='ocr_line' id='line_1_22' title="bbox 98 1598 865 1669; baseline 0 -15"><span class='ocrx_word' id='word_1_143' title='bbox 98 1604 220 1669; x_wconf 78' lang='lat' dir='ltr'><strong>Aegrum</strong></span> <span class='ocrx_word' id='word_1_144' title='bbox 238 1599 366 1653; x_wconf 85' lang='lat' dir='ltr'><strong>sollicitat</strong></span> <span class='ocrx_word' id='word_1_145' title='bbox 383 1598 557 1665; x_wconf 80' lang='lat' dir='ltr'><strong>stomachum,</strong></span> <span class='ocrx_word' id='word_1_146' title='bbox 575 1615 637 1652; x_wconf 88' lang='lat' dir='ltr'><strong>eum</strong></span> <span class='ocrx_word' id='word_1_147' title='bbox 655 1601 750 1668; x_wconf 81' lang='lat' dir='ltr'><strong>rapula</strong></span> <span class='ocrx_word' id='word_1_148' title='bbox 767 1600 865 1669; x_wconf 90' lang='lat' dir='ltr'><strong>plenus</strong></span> 
     </span>
     <span class='ocr_line' id='line_1_23' title="bbox 97 1673 919 1744; baseline 0.001 -15"><span class='ocrx_word' id='word_1_149' title='bbox 97 1677 192 1744; x_wconf 84' lang='lat' dir='ltr'><strong>Atque</strong></span> <span class='ocrx_word' id='word_1_150' title='bbox 209 1674 300 1727; x_wconf 87' lang='lat' dir='ltr'><strong>acidas</strong></span> <span class='ocrx_word' id='word_1_151' title='bbox 317 1673 421 1728; x_wconf 88' lang='lat' dir='ltr'><strong>mavult</strong></span> <span class='ocrx_word' id='word_1_152' title='bbox 438 1673 531 1727; x_wconf 89' lang='lat' dir='ltr'><strong>inulas.</strong></span> <span class='ocrx_word' id='word_1_153' title='bbox 568 1673 695 1728; x_wconf 88' lang='lat' dir='ltr'><strong>Necdum</strong></span> <span class='ocrx_word' id='word_1_154' title='bbox 712 1676 799 1729; x_wconf 91' lang='lat' dir='ltr'><strong>omnis</strong></span> <span class='ocrx_word' id='word_1_155' title='bbox 817 1675 919 1730; x_wconf 86' lang='lat' dir='ltr'><strong>abacta</strong></span> 
     </span>
     <span class='ocr_line' id='line_1_24' title="bbox 98 1749 955 1820; baseline 0.002 -15"><span class='ocrx_word' id='word_1_156' title='bbox 98 1751 244 1820; x_wconf 86' lang='lat' dir='ltr'><strong>Pauperies</strong></span> <span class='ocrx_word' id='word_1_157' title='bbox 261 1750 348 1817; x_wconf 87' lang='lat' dir='ltr'><strong>opulis</strong></span> <span class='ocrx_word' id='word_1_158' title='bbox 364 1766 476 1817; x_wconf 79' lang='lat' dir='ltr'><strong>regum;</strong></span> <span class='ocrx_word' id='word_1_159' title='bbox 493 1765 556 1801; x_wconf 89' lang='lat' dir='ltr'><strong>nam</strong></span> <span class='ocrx_word' id='word_1_160' title='bbox 574 1749 672 1803; x_wconf 89' lang='lat' dir='ltr'><strong>vilibus</strong></span> <span class='ocrx_word' id='word_1_161' title='bbox 690 1750 747 1803; x_wconf 86' lang='lat' dir='ltr'><strong>oris</strong></span> <span class='ocrx_word' id='word_1_162' title='bbox 855 1803 859 1809; x_wconf 88' lang='grc'>,</span> <span class='ocrx_word' id='word_1_163' title='bbox 930 1766 955 1807; x_wconf 75' lang='grc'><strong>45</strong></span> 
     </span>
     <span class='ocr_line' id='line_1_25' title="bbox 97 1824 892 1895; baseline -0.001 -15"><span class='ocrx_word' id='word_1_164' title='bbox 97 1828 121 1880; x_wconf 85' lang='lat' dir='ltr'>N</span> <span class='ocrx_word' id='word_1_165' title='bbox 125 1828 244 1895; x_wconf 79' lang='lat' dir='ltr'><strong>igrisque</strong></span> <span class='ocrx_word' id='word_1_166' title='bbox 263 1828 305 1878; x_wconf 89' lang='lat' dir='ltr'><strong>est</strong></span> <span class='ocrx_word' id='word_1_167' title='bbox 322 1825 390 1878; x_wconf 89' lang='lat' dir='ltr'><strong>oleis</strong></span> <span class='ocrx_word' id='word_1_168' title='bbox 407 1824 489 1878; x_wconf 90' lang='lat' dir='ltr'><strong>hodie</strong></span> <span class='ocrx_word' id='word_1_169' title='bbox 505 1824 587 1878; x_wconf 91' lang='lat' dir='ltr'><strong>locus.</strong></span> <span class='ocrx_word' id='word_1_170' title='bbox 624 1825 710 1878; x_wconf 89' lang='lat' dir='ltr'><strong>Haud</strong></span> <span class='ocrx_word' id='word_1_171' title='bbox 727 1826 767 1878; x_wconf 86' lang='lat' dir='ltr'><strong>ita</strong></span> <span class='ocrx_word' id='word_1_172' title='bbox 783 1825 892 1894; x_wconf 88' lang='lat' dir='ltr'><strong>pridem</strong></span> 
     </span>
     <span class='ocr_line' id='line_1_26' title="bbox 97 1901 722 1971; baseline -0.003 -15"><span class='ocrx_word' id='word_1_173' title='bbox 97 1904 203 1956; x_wconf 87' lang='lat' dir='ltr'><strong>Galloni</strong></span> <span class='ocrx_word' id='word_1_174' title='bbox 219 1901 359 1971; x_wconf 84' lang='lat' dir='ltr'><strong>praeconis</strong></span> <span class='ocrx_word' id='word_1_175' title='bbox 376 1904 437 1954; x_wconf 88' lang='lat' dir='ltr'><strong>erat</strong></span> <span class='ocrx_word' id='word_1_176' title='bbox 454 1901 610 1968; x_wconf 85' lang='lat' dir='ltr'><strong>acipensere</strong></span> <span class='ocrx_word' id='word_1_177' title='bbox 628 1917 722 1954; x_wconf 90' lang='lat' dir='ltr'><strong>mensa</strong></span> 
     </span>
    </p>

    <p class='ocr_par' dir='ltr' id='par_1_11' title="bbox 96 1974 947 2118">
     <span class='ocr_line' id='line_1_27' title="bbox 98 1974 947 2044; baseline 0 -13"><span class='ocrx_word' id='word_1_178' title='bbox 98 1977 217 2031; x_wconf 83' lang='lat' dir='ltr'><strong>Iusamis</strong></span> <span class='ocrx_word' id='word_1_179' title='bbox 253 1977 333 2044; x_wconf 79' lang='lat' dir='ltr'><strong>Quid,</strong></span> <span class='ocrx_word' id='word_1_180' title='bbox 345 1979 409 2028; x_wconf 91' lang='lat' dir='ltr'><strong>tunc</strong></span> <span class='ocrx_word' id='word_1_181' title='bbox 427 1974 554 2029; x_wconf 89' lang='lat' dir='ltr'><strong>rhombos</strong></span> <span class='ocrx_word' id='word_1_182' title='bbox 572 1975 661 2028; x_wconf 90' lang='lat' dir='ltr'><strong>minus</strong></span> <span class='ocrx_word' id='word_1_183' title='bbox 678 1992 796 2042; x_wconf 80' lang='lat' dir='ltr'><strong>aequora</strong></span> <span class='ocrx_word' id='word_1_184' title='bbox 813 1974 947 2031; x_wconf 69' lang='lat' dir='ltr'><strong>alebant?</strong></span> 
     </span>
     <span class='ocr_line' id='line_1_28' title="bbox 96 2050 739 2118; baseline -0.008 -11"><span class='ocrx_word' id='word_1_185' title='bbox 96 2052 182 2107; x_wconf 83' lang='lat' dir='ltr'><strong>Tutus</strong></span> <span class='ocrx_word' id='word_1_186' title='bbox 199 2056 259 2106; x_wconf 86' lang='lat' dir='ltr'><strong>erat</strong></span> <span class='ocrx_word' id='word_1_187' title='bbox 275 2051 405 2105; x_wconf 90' lang='lat' dir='ltr'><strong>rhombus</strong></span> <span class='ocrx_word' id='word_1_188' title='bbox 422 2053 537 2118; x_wconf 89' lang='lat' dir='ltr'><strong>tutoque</strong></span> <span class='ocrx_word' id='word_1_189' title='bbox 555 2050 657 2103; x_wconf 89' lang='lat' dir='ltr'><strong>ciconia</strong></span> <span class='ocrx_word' id='word_1_190' title='bbox 674 2051 739 2103; x_wconf 89' lang='lat' dir='ltr'><strong>nido</strong></span> 
     </span>
    </p>

    <p class='ocr_par' dir='ltr' id='par_1_12' title="bbox 97 2125 954 2272">
     <span class='ocr_line' id='line_1_29' title="bbox 97 2125 954 2193; baseline -0.007 -11"><span class='ocrx_word' id='word_1_191' title='bbox 97 2129 190 2182; x_wconf 89' lang='lat' dir='ltr'><strong>Donec</strong></span> <span class='ocrx_word' id='word_1_192' title='bbox 206 2144 254 2181; x_wconf 81' lang='lat' dir='ltr'><strong>vos</strong></span> <span class='ocrx_word' id='word_1_193' title='bbox 272 2131 366 2181; x_wconf 86' lang='lat' dir='ltr'><strong>auctor</strong></span> <span class='ocrx_word' id='word_1_194' title='bbox 383 2125 476 2180; x_wconf 89' lang='lat' dir='ltr'><strong>docuit</strong></span> <span class='ocrx_word' id='word_1_195' title='bbox 493 2125 654 2193; x_wconf 89' lang='lat' dir='ltr'><strong>praetorius.</strong></span> <span class='ocrx_word' id='word_1_196' title='bbox 690 2125 763 2193; x_wconf 85' lang='lat' dir='ltr'><strong>Ergo</strong></span> <span class='ocrx_word' id='word_1_197' title='bbox 928 2152 954 2189; x_wconf 67' lang='grc' dir='ltr'>ω</span> 
     </span>
     <span class='ocr_line' id='line_1_30' title="bbox 97 2200 769 2272; baseline -0.007 -14"><span class='ocrx_word' id='word_1_198' title='bbox 97 2205 126 2258; x_wconf 78' lang='lat' dir='ltr'><strong>Si</strong></span> <span class='ocrx_word' id='word_1_199' title='bbox 143 2204 204 2272; x_wconf 91' lang='lat' dir='ltr'><strong>quis</strong></span> <span class='ocrx_word' id='word_1_200' title='bbox 220 2220 292 2256; x_wconf 88' lang='lat' dir='ltr'><strong>nunc</strong></span> <span class='ocrx_word' id='word_1_201' title='bbox 309 2218 416 2271; x_wconf 85' lang='lat' dir='ltr'><strong>mergos</strong></span> <span class='ocrx_word' id='word_1_202' title='bbox 433 2217 530 2254; x_wconf 85' lang='lat' dir='ltr'><strong>suaves</strong></span> <span class='ocrx_word' id='word_1_203' title='bbox 548 2200 667 2255; x_wconf 87' lang='lat' dir='ltr'><strong>edixerit</strong></span> <span class='ocrx_word' id='word_1_204' title='bbox 685 2217 769 2267; x_wconf 86' lang='lat' dir='ltr'><strong>assos,</strong></span> 
     </span>
    </p>

    <p class='ocr_par' dir='ltr' id='par_1_13' title="bbox 97 2276 709 2347">
     <span class='ocr_line' id='line_1_31' title="bbox 97 2276 709 2347; baseline -0.005 -15"><span class='ocrx_word' id='word_1_205' title='bbox 97 2280 209 2333; x_wconf 87' lang='lat' dir='ltr'><strong>Parebit</strong></span> <span class='ocrx_word' id='word_1_206' title='bbox 226 2278 303 2347; x_wconf 81' lang='lat' dir='ltr'><strong>pravi</strong></span> <span class='ocrx_word' id='word_1_207' title='bbox 320 2277 415 2332; x_wconf 91' lang='lat' dir='ltr'><strong>docilis</strong></span> <span class='ocrx_word' id='word_1_208' title='bbox 432 2277 556 2331; x_wconf 83' lang='lat' dir='ltr'><strong>Romana</strong></span> <span class='ocrx_word' id='word_1_209' title='bbox 569 2276 709 2344; x_wconf 86' lang='lat' dir='ltr'><strong>juventus.</strong></span> 
     </span>
    </p>

    <p class='ocr_par' dir='ltr' id='par_1_14' title="bbox 96 2351 696 2410">
     <span class='ocr_line' id='line_1_32' title="bbox 96 2351 696 2410; baseline -0.008 -1"><span class='ocrx_word' id='word_1_210' title='bbox 96 2351 229 2410; x_wconf 81' lang='lat' dir='ltr'><strong>Sordidus</strong></span> <span class='ocrx_word' id='word_1_211' title='bbox 246 2370 264 2407; x_wconf 91' lang='lat' dir='ltr'><strong>a</strong></span> <span class='ocrx_word' id='word_1_212' title='bbox 280 2352 356 2407; x_wconf 90' lang='lat' dir='ltr'><strong>tenui</strong></span> <span class='ocrx_word' id='word_1_213' title='bbox 373 2352 448 2406; x_wconf 86' lang='lat' dir='ltr'><strong>victu</strong></span> <span class='ocrx_word' id='word_1_214' title='bbox 465 2352 587 2407; x_wconf 82' lang='lat' dir='ltr'><strong>distabit.</strong></span> <span class='ocrx_word' id='word_1_215' title='bbox 607 2351 696 2405; x_wconf 89' lang='lat' dir='ltr'><strong>Ofella</strong></span> 
     </span>
    </p>

    <p class='ocr_par' dir='ltr' id='par_1_15' title="bbox 96 2425 763 2495">
     <span class='ocr_line' id='line_1_33' title="bbox 96 2425 763 2495; baseline -0.01 -9"><span class='ocrx_word' id='word_1_216' title='bbox 96 2431 213 2495; x_wconf 80' lang='lat' dir='ltr'><strong>ludice;</strong></span> <span class='ocrx_word' id='word_1_217' title='bbox 236 2446 298 2482; x_wconf 88' lang='lat' dir='ltr'><strong>nam</strong></span> <span class='ocrx_word' id='word_1_218' title='bbox 315 2428 418 2481; x_wconf 87' lang='lat' dir='ltr'><strong>frustra</strong></span> <span class='ocrx_word' id='word_1_219' title='bbox 434 2427 531 2481; x_wconf 79' lang='lat' dir='ltr'><strong>vitium</strong></span> <span class='ocrx_word' id='word_1_220' title='bbox 550 2427 677 2480; x_wconf 84' lang='lat' dir='ltr'><strong>vitaveris</strong></span> <span class='ocrx_word' id='word_1_221' title='bbox 694 2425 763 2479; x_wconf 90' lang='lat' dir='ltr'><strong>illud</strong></span> 
     </span>
    </p>

    <p class='ocr_par' dir='ltr' id='par_1_16' title="bbox 96 2502 951 2727">
     <span class='ocr_line' id='line_1_34' title="bbox 96 2502 951 2574; baseline -0.005 -12"><span class='ocrx_word' id='word_1_222' title='bbox 96 2508 125 2562; x_wconf 84' lang='lat' dir='ltr'><strong>Si</strong></span> <span class='ocrx_word' id='word_1_223' title='bbox 143 2511 172 2562; x_wconf 90' lang='lat' dir='ltr'><strong>te</strong></span> <span class='ocrx_word' id='word_1_224' title='bbox 189 2507 242 2561; x_wconf 89' lang='lat' dir='ltr'><strong>alic</strong></span> <span class='ocrx_word' id='word_1_225' title='bbox 261 2520 374 2574; x_wconf 77' lang='lat' dir='ltr'><strong>pravum</strong></span> <span class='ocrx_word' id='word_1_226' title='bbox 392 2502 561 2557; x_wconf 85' lang='lat' dir='ltr'><strong>detorseris·</strong></span> <span class='ocrx_word' id='word_1_227' title='bbox 583 2502 743 2567; x_wconf 86' lang='lat' dir='ltr'><strong>Aridienus‚</strong></span> <span class='ocrx_word' id='word_1_228' title='bbox 924 2516 951 2558; x_wconf 76' lang='lat' dir='ltr'><strong>u</strong></span> 
     </span>
     <span class='ocr_line' id='line_1_35' title="bbox 96 2578 824 2646; baseline -0.008 -8"><span class='ocrx_word' id='word_1_229' title='bbox 96 2584 148 2638; x_wconf 80' lang='lat' dir='ltr'><strong>(lui</strong></span> <span class='ocrx_word' id='word_1_230' title='bbox 166 2582 248 2637; x_wconf 82' lang='lat' dir='ltr'><strong>(lauis</strong></span> <span class='ocrx_word' id='word_1_231' title='bbox 265 2598 300 2635; x_wconf 86' lang='lat' dir='ltr'><strong>ex</strong></span> <span class='ocrx_word' id='word_1_232' title='bbox 317 2596 382 2633; x_wconf 79' lang='lat' dir='ltr'><strong>roro</strong></span> <span class='ocrx_word' id='word_1_233' title='bbox 399 2578 502 2632; x_wconf 84' lang='lat' dir='ltr'><strong>dictum</strong></span> <span class='ocrx_word' id='word_1_234' title='bbox 521 2595 668 2646; x_wconf 81' lang='lat' dir='ltr'><strong>cognomen</strong></span> <span class='ocrx_word' id='word_1_235' title='bbox 686 2578 824 2645; x_wconf 86' lang='lat' dir='ltr'><strong>adhaeret,</strong></span> 
     </span>
     <span class='ocr_line' id='line_1_36' title="bbox 97 2654 746 2727; baseline -0.008 -15"><span class='ocrx_word' id='word_1_236' title='bbox 97 2660 290 2727; x_wconf 87' lang='lat' dir='ltr'><strong>Quinquenues</strong></span> <span class='ocrx_word' id='word_1_237' title='bbox 306 2655 379 2709; x_wconf 88' lang='lat' dir='ltr'><strong>oleas</strong></span> <span class='ocrx_word' id='word_1_238' title='bbox 397 2659 440 2707; x_wconf 86' lang='lat' dir='ltr'><strong>est</strong></span> <span class='ocrx_word' id='word_1_239' title='bbox 457 2657 487 2708; x_wconf 93' lang='lat' dir='ltr'><strong>et</strong></span> <span class='ocrx_word' id='word_1_240' title='bbox 504 2654 640 2708; x_wconf 85' lang='lat' dir='ltr'><strong>silvestria</strong></span> <span class='ocrx_word' id='word_1_241' title='bbox 657 2670 746 2721; x_wconf 87' lang='lat' dir='ltr'><strong>corna,</strong></span> 
     </span>
    </p>

    <p class='ocr_par' dir='ltr' id='par_1_17' title="bbox 97 2729 799 2799">
     <span class='ocr_line' id='line_1_37' title="bbox 97 2729 799 2799; baseline -0.009 -10"><span class='ocrx_word' id='word_1_242' title='bbox 97 2738 139 2789; x_wconf 86' lang='lat' dir='ltr'><strong>Ac</strong></span> <span class='ocrx_word' id='word_1_243' title='bbox 156 2734 208 2787; x_wconf 87' lang='lat' dir='ltr'><strong>nisi</strong></span> <span class='ocrx_word' id='word_1_244' title='bbox 225 2735 361 2785; x_wconf 87' lang='lat' dir='ltr'><strong>mutatum</strong></span> <span class='ocrx_word' id='word_1_245' title='bbox 377 2730 466 2799; x_wconf 86' lang='lat' dir='ltr'><strong>parcit</strong></span> <span class='ocrx_word' id='word_1_246' title='bbox 483 2729 634 2783; x_wconf 83' lang='lat' dir='ltr'><strong>defundere</strong></span> <span class='ocrx_word' id='word_1_247' title='bbox 651 2730 751 2794; x_wconf 80' lang='lat' dir='ltr'><strong>vinum,</strong></span> <span class='ocrx_word' id='word_1_248' title='bbox 769 2732 799 2783; x_wconf 89' lang='lat' dir='ltr'><strong>ct</strong></span> 
     </span>
    </p>
   </div>
   <div class='ocr_carea' id='block_1_2' title="bbox 97 2804 776 2878">
    <p class='ocr_par' dir='ltr' id='par_1_18' title="bbox 97 2804 776 2878">
     <span class='ocr_line' id='line_1_38' title="bbox 97 2804 776 2878; baseline -0.006 -15"><span class='ocrx_word' id='word_1_249' title='bbox 97 2809 181 2878; x_wconf 83' lang='lat' dir='ltr'><strong>Cujus</strong></span> <span class='ocrx_word' id='word_1_250' title='bbox 198 2806 310 2861; x_wconf 91' lang='lat' dir='ltr'><strong>odorem</strong></span> <span class='ocrx_word' id='word_1_251' title='bbox 327 2805 380 2859; x_wconf 91' lang='lat' dir='ltr'><strong>olei</strong></span> <span class='ocrx_word' id='word_1_252' title='bbox 397 2820 517 2873; x_wconf 87' lang='lat' dir='ltr'><strong>nequeas</strong></span> <span class='ocrx_word' id='word_1_253' title='bbox 534 2805 663 2873; x_wconf 86' lang='lat' dir='ltr'><strong>perferre,</strong></span> <span class='ocrx_word' id='word_1_254' title='bbox 682 2804 776 2859; x_wconf 89' lang='lat' dir='ltr'><strong>licebit</strong></span> 
     </span>
    </p>
   </div>
   <div class='ocr_carea' id='block_1_3' title="bbox 97 2879 948 3013">
    <p class='ocr_par' dir='ltr' id='par_1_19' title="bbox 97 2879 948 3013">
     <span class='ocr_line' id='line_1_39' title="bbox 98 2879 948 2948; baseline -0.009 -12"><span class='ocrx_word' id='word_1_255' title='bbox 98 2884 149 2936; x_wconf 93' lang='lat' dir='ltr'><strong>Ille</strong></span> <span class='ocrx_word' id='word_1_256' title='bbox 167 2882 273 2948; x_wconf 88' lang='lat' dir='ltr'><strong>repotia</strong></span> <span class='ocrx_word' id='word_1_257' title='bbox 289 2879 394 2932; x_wconf 87' lang='lat' dir='ltr'><strong>natales</strong></span> <span class='ocrx_word' id='word_1_258' title='bbox 411 2879 512 2931; x_wconf 84' lang='lat' dir='ltr'><strong>aliosve</strong></span> <span class='ocrx_word' id='word_1_259' title='bbox 530 2880 637 2932; x_wconf 90' lang='lat' dir='ltr'><strong>dierum</strong></span> <span class='ocrx_word' id='word_1_260' title='bbox 923 2904 948 2942; x_wconf 61' lang='grc' dir='ltr'><em>η</em></span> 
     </span>
     <span class='ocr_line' id='line_1_40' title="bbox 97 2945 750 3013; baseline -0.003 -12"><span class='ocrx_word' id='word_1_261' title='bbox 97 2948 194 3001; x_wconf 84' lang='lat' dir='ltr'><strong>Festos</strong></span> <span class='ocrx_word' id='word_1_262' title='bbox 211 2947 318 2999; x_wconf 89' lang='lat' dir='ltr'><strong>albatus</strong></span> <span class='ocrx_word' id='word_1_263' title='bbox 336 2945 463 3010; x_wconf 81' lang='lat' dir='ltr'><strong>celebret,</strong></span> <span class='ocrx_word' id='word_1_264' title='bbox 480 2962 564 2998; x_wconf 87' lang='lat' dir='ltr'><strong>cornu</strong></span> <span class='ocrx_word' id='word_1_265' title='bbox 580 2946 640 3013; x_wconf 91' lang='lat' dir='ltr'><strong>ipse</strong></span> <span class='ocrx_word' id='word_1_266' title='bbox 657 2945 750 2999; x_wconf 91' lang='lat' dir='ltr'><strong>bilibri</strong></span> 
     </span>
    </p>
   </div>
   <div class='ocr_carea' id='block_1_4' title="bbox 97 3019 767 3088">
    <p class='ocr_par' dir='ltr' id='par_1_20' title="bbox 97 3019 767 3088">
     <span class='ocr_line' id='line_1_41' title="bbox 97 3019 767 3088; baseline -0.001 -14"><span class='ocrx_word' id='word_1_267' title='bbox 97 3021 226 3074; x_wconf 81' lang='lat' dir='ltr'><strong>Caulibus</strong></span> <span class='ocrx_word' id='word_1_268' title='bbox 243 3019 366 3084; x_wconf 87' lang='lat' dir='ltr'><strong>instillat,</strong></span> <span class='ocrx_word' id='word_1_269' title='bbox 384 3019 485 3072; x_wconf 80' lang='lat' dir='ltr'><strong>veteris</strong></span> <span class='ocrx_word' id='word_1_270' title='bbox 502 3034 557 3071; x_wconf 94' lang='lat' dir='ltr'><strong>non</strong></span> <span class='ocrx_word' id='word_1_271' title='bbox 573 3035 670 3088; x_wconf 85' lang='lat' dir='ltr'><strong>parcus</strong></span> <span class='ocrx_word' id='word_1_272' title='bbox 687 3020 767 3075; x_wconf 87' lang='lat' dir='ltr'><strong>aceti.</strong></span> 
     </span>
    </p>
   </div>
   <div class='ocr_carea' id='block_1_5' title="bbox 0 0 1018 3409">
    <p class='ocr_par' dir='ltr' id='par_1_21' title="bbox 0 0 1018 3409">
     <span class='ocr_line' id='line_1_42' title="bbox 0 0 1018 3409; baseline 0 1"><span class='ocrx_word' id='word_1_273' title='bbox 0 0 1018 3409; x_wconf 95' lang='lat' dir='ltr'><strong> </strong></span> 
     </span>
    </p>
   </div>
  </div>
 </body>
</html>
