2025 3409
315 32 523 122 ennnrnnn
539 73 578 123 ra
598 75 637 125 re.
868 80 896 132 a

148 151 213 207 Nec
228 151 372 206 fortuitum
389 169 522 222 spernere
538 155 687 222 caespitem

149 227 243 295 Leges
261 227 395 295 sinebant,
414 228 516 297 oppida
532 228 641 297 publice

188 302 305 372 Sumptu
318 302 451 370 jubentes
468 307 499 358 et
517 304 630 358 deorum

221 377 334 446 Templa
350 394 421 433 nove
437 379 569 433 decorare
586 394 660 437 saue.
879 395 902 437 m

437 520 518 576 XVI.

151 602 250 659 Ormu
268 603 345 657 divos
362 606 442 672 rogat
458 602 487 656 in
504 607 620 671 patente

154 678 276 733 Prensus
295 679 414 747 Aegeae,
433 678 514 731 simul
531 683 592 732 atra
609 677 697 733 nubes

153 754 286 809 Condidit
302 753 395 807 lunam
412 769 503 823 neque
521 758 599 808 certa
614 753 722 823 fulgent

190 828 288 884 Sidera
305 829 414 895 nautis;

153 904 249 958 Otium
266 903 338 958 bello
355 905 457 959 furiosa
475 904 587 972 Thraee,

153 979 249 1033 Otium
267 980 345 1033 Medi
362 979 493 1048 pharetra
510 979 611 1046 decori,

154 1055 286 1124 Grospho,
303 1072 357 1109 non
374 1056 489 1123 gemmis
506 1071 599 1124 neque
615 1071 738 1124 purpura
754 1072 799 1112 re·

187 1131 250 1185 nale
267 1147 357 1200 neque
374 1146 449 1185 aure.

152 1206 217 1261 Non
235 1206 307 1260 enim
324 1222 406 1274 gazae
423 1221 514 1276 neque
532 1205 679 1259 consularis

154 1282 312 1336 Summovet
329 1282 410 1335 lictor
427 1282 541 1335 miseros
558 1281 694 1337 tumultus

154 1357 258 1411 Mentis
276 1361 305 1411 et
322 1373 401 1410 curas
419 1356 548 1426 laqueata
564 1356 667 1411 circum

188 1432 273 1487 Tecta
290 1432 420 1487 volantes.

152 1506 265 1562 Vivitur
280 1523 365 1576 parvo
381 1508 454 1562 bene
472 1507 517 1561 eui
534 1510 680 1575 paternum

154 1582 288 1652 Splendet
305 1582 334 1636 in
352 1599 446 1637 mensa
463 1584 540 1637 tenui
558 1581 680 1648 salinum,

153 1658 214 1712 Nee
231 1658 306 1712 leves
323 1674 432 1713 somnos
449 1659 533 1713 timor
550 1662 599 1712 aut
615 1660 715 1728 cupide

189 1732 324 1787 Sordidus
342 1734 440 1789 aufert.

155 1808 228 1872 Quid
245 1808 323 1863 brevi
340 1809 427 1863 fortes
439 1808 596 1877 jaculamur
612 1824 681 1864 aevo

154 1882 261 1938 Multa?
297 1884 371 1948 Quid
388 1888 476 1939 terras
493 1883 547 1938 alio
566 1886 687 1939 calentes

154 1958 216 2014 Sole
233 1961 391 2014 mutamusl
429 1960 539 2013 Patriae
558 1961 620 2029 quis
637 1961 714 2014 exsul

188 2037 224 2089 Se
242 2050 352 2103 queque
370 2034 461 2102 fugitl

155 2110 270 2164 Scandit
288 2114 396 2165 aeratas
413 2110 511 2164 vitiosa
527 2127 612 2165 naves

154 2185 227 2239 Oura
243 2201 295 2239 nee
312 2189 417 2239 turmas
435 2186 559 2254 equitnm
577 2186 715 2254 relinquit,

154 2259 235 2314 Ocior
253 2262 340 2315 eerris
358 2264 388 2314 et
405 2263 504 2328 agente
522 2260 630 2314 nimbos

188 2335 270 2389 Ocior
288 2336 369 2389 Iluro.

154 2410 257 2465 Laetus
274 2411 303 2464 in
320 2427 451 2479 praesens
472 2411 578 2464 animus
595 2411 670 2479 quod
686 2411 760 2465 ultra
777 2414 821 2466 eet

154 2484 254 2540 Oderit
271 2502 368 2541 curare
385 2490 415 2540 et
432 2502 527 2539 amara
542 2486 618 2540 lente

154 2561 302 2630 Temperet
319 2561 393 2626 risu3
411 2560 477 2615 nihil
495 2564 540 2615 est
556 2561 592 2615 ab
609 2560 682 2615 omni

188 2637 272 2691 Parte
289 2635 409 2690 beatum.

155 2712 282 2768 Abstulit
300 2712 402 2765 clarum
420 2710 476 2765 cita
492 2726 566 2764 mors
585 2710 728 2778 Achillem,

152 2787 248 2855 Longa
266 2786 411 2840 Tithonum
428 2786 528 2839 minuit
546 2791 678 2853 senectus,
877 2802 901 2842 te

153 2861 191 2916 Et
209 2862 276 2915 mihi
294 2862 385 2915 forsan
403 2860 455 2914 tibi
473 2859 549 2929 quod
565 2861 672 2928 negarit

188 2938 315 3004 Porrigat
332 2936 406 2989 hora.

152 3012 191 3066 ΤΘ
208 3028 307 3079 greges
325 3014 434 3063 eentum
453 3007 614 3072 Siculaeque
631 3007 733 3058 circum

151 3086 282 3153 Mugiunt
299 3098 405 3147 vaccae,
423 3080 474 3133 tibi
490 3078 563 3130 tollit
580 3077 718 3129 hinnitum
