2025 3409
213 103 217 107 Α
326 42 582 92 remotarum
598 44 620 94 1.
641 44 666 95 a.
875 45 921 92 roa

60 121 114 177 Itst
132 122 258 176 animum
276 121 370 176 differs
387 123 501 176 curandi
518 127 627 192 tempus
644 123 673 176 in
692 124 811 177 aurumi

59 195 217 251 Dimidium
234 198 300 251 facti
317 198 364 266 qui
382 199 472 267 eoepit
489 198 588 265 habet;
606 215 701 266 sapere
719 199 804 264 aude;
897 213 919 254 so

8 325 15 339 ,
60 272 168 342 Incipe.
206 272 260 338 Qui
277 277 353 327 recte
370 274 480 327 vivendi
497 277 627 343 prorogat
644 273 738 327 horam

59 348 198 402 Rusticus
216 352 358 416 exspectat
375 348 442 402 dum
460 348 565 403 defluat
582 350 684 415 amnis;
702 349 794 403 atille

59 422 182 477 Labitur
199 426 229 477 et
245 423 356 477 labetur
373 424 402 477 in
420 441 500 478 omne
518 424 643 478 volubilis
661 440 764 478 aevum.

60 497 214 561 Quaeritur
231 503 377 567 argeutum
394 499 542 568 puerisque
559 500 641 554 beata
657 500 783 553 creandis

62 574 152 640 Uxor,
171 578 202 628 et
218 573 339 629 incultae
355 579 489 644 pacantur
505 592 615 630 vomere
633 576 731 631 silvae:
896 586 921 625 sa

61 649 147 713 Quod
164 650 233 703 satis
249 654 292 704 est
309 652 353 704 cui
369 651 503 719 contingit
520 650 588 703 nihil
605 651 720 719 amplius
738 654 823 720 optet

61 726 129 780 Nou
148 725 246 779 domus
263 729 293 780 et
309 725 417 794 fundus,
435 742 490 780 non
507 727 578 780 aeris
595 742 708 780 acervus
725 730 754 780 et
770 726 829 779 ariri

62 804 192 868 Aegroto
209 801 314 854 domini
331 800 448 856 deduxit
467 818 581 870 corporo
598 801 696 868 febres,

63 877 130 930 Non
147 876 238 931 animo
255 894 342 931 curas.
376 877 476 931 Valeat
492 892 634 946 possessor
650 879 760 946 oportet

63 952 94 1005 Si
112 953 290 1021 comportatis
307 952 388 1007 rebus
405 952 477 1006 bene
493 952 597 1020 cogitat
613 952 662 1006 uti.
898 965 921 1005 so

65 1027 121 1092 Qui
139 1029 216 1096 cupit
233 1032 282 1082 aut
299 1030 398 1083 metuit
411 1028 492 1096 juvat
509 1028 587 1081 illum
605 1027 649 1082 sie
662 1026 759 1081 domus
777 1031 806 1081 et
823 1044 868 1080 res

65 1103 107 1157 Ut
125 1102 232 1173 lippum
249 1105 340 1172 pictae
356 1103 474 1172 tabulae,
492 1104 614 1156 fomenta
630 1102 787 1171 podagram,

67 1179 215 1232 Auriculas
232 1179 353 1233 citharae
371 1180 484 1233 collecta
501 1178 583 1233 sorde
601 1177 732 1234 dolentes.

67 1254 212 1308 Siracorum
230 1258 273 1308 est
290 1255 343 1308 nisi
358 1271 407 1309 vas
424 1254 606 1324 quodcunque
624 1253 745 1307 infundis
761 1254 867 1307 acescit.

67 1330 174 1398 Sperne
191 1331 352 1400 voluptates,
368 1336 450 1385 nocet
468 1333 560 1399 empta
579 1329 671 1383 dolore
691 1329 822 1397 voluptas.
899 1344 922 1383 or

69 1406 187 1475 Semper
204 1422 301 1459 aranas
318 1410 394 1474 eget:
410 1409 517 1461 certum
535 1410 597 1460 voto
615 1409 680 1474 pete
697 1404 788 1458 finem.

69 1482 186 1534 Invidus
202 1482 316 1535 alterius
333 1482 477 1535 macrescit
493 1481 577 1537 rebus
594 1479 705 1549 opimis;

69 1556 180 1610 Invidia
196 1556 280 1611 Siculi
298 1574 352 1611 non
370 1559 499 1611 invenero
516 1558 625 1625 tyranni

69 1631 163 1699 Majus
181 1634 356 1686 tormentum.
393 1634 447 1698 Qui
464 1650 519 1687 non
537 1631 725 1686 moderabitur
742 1631 800 1687 irae

3 1738 9 1753 a
71 1707 210 1761 infectum
227 1708 301 1761 volet
318 1725 378 1762 esse
396 1709 474 1762 dolor
492 1708 566 1777 quod
583 1709 701 1761 suaserit
718 1712 748 1763 et
766 1725 850 1773 mens,
899 1724 922 1763 oo

70 1782 145 1836 Dum
162 1799 265 1851 poenas
283 1783 346 1837 odio
363 1801 413 1852 per
430 1785 485 1838 vim
502 1784 616 1838 festinat
635 1783 729 1837 inulto.

71 1857 119 1911 Ira
135 1858 213 1911 furor
229 1858 321 1912 brevis
339 1862 394 1913 cst:
413 1861 533 1912 animum
551 1876 624 1927 rege,
642 1860 688 1927 qui
706 1858 758 1911 nisi
775 1862 854 1927 paret

71 1933 212 2003 Imperat;
230 1934 302 1987 hunc
318 1934 410 2003 frenis,
428 1935 498 1987 hunc
516 1941 548 1988 tu
565 1950 706 2003 compesce
724 1938 826 1988 catena

71 2008 166 2077 Fingit
183 2026 284 2078 equum
301 2013 399 2063 tenera
416 2010 532 2063 docilem
550 2010 654 2063 cervice
671 2009 802 2077 magister

72 2085 119 2139 Ire
139 2086 212 2139 viam
230 2102 285 2153 qua
301 2089 438 2140 monstret
455 2103 553 2154 eques3
570 2086 718 2151 venaticus,
736 2101 770 2138 ex
787 2100 841 2153 quo
898 2092 921 2133 tt

71 2161 208 2231 Tempore
225 2162 360 2214 cervinam
378 2161 478 2229 pellem
494 2161 605 2214 latravit
622 2161 650 2214 in
667 2161 736 2227 aula,

72 2236 174 2291 Militat
189 2236 218 2289 in
236 2236 311 2289 silvis
328 2237 443 2290 catulus.
479 2237 504 2289 N
506 2253 559 2289 uno
576 2235 676 2289 adhibe
693 2251 763 2304 puro

4 2337 8 2352 ι
72 2312 187 2366 Pectore
204 2311 295 2380 verba,
312 2328 389 2381 puer,
407 2328 479 2365 nunc
496 2315 525 2365 te
543 2311 699 2365 melioribus
717 2311 791 2366 offer.

73 2387 132 2452 Quo
151 2388 237 2441 semel
254 2393 298 2442 est
315 2387 423 2441 imbuta
439 2403 536 2440 recens
553 2386 673 2439 servabit
690 2386 802 2439 odorem

72 2463 154 2517 Testa
172 2464 228 2517 diu.
264 2463 367 2527 Quodsi
384 2479 474 2516 cessas
491 2466 540 2515 aut
558 2466 684 2515 strenuus
701 2462 796 2527 anteis,
902 2476 924 2520 r„

3 2567 8 2592 ι
72 2538 98 2592 N
100 2555 132 2593 ec
148 2539 259 2593 tardum
276 2538 403 2607 opperior
421 2554 470 2591 uec
487 2536 713 2606 praecedentibus
730 2537 809 2591 inste.

472 2678 530 2733 III.

3 2805 9 2847 Ι
74 2767 142 2822 Jmu
160 2767 249 2834 Flore,
268 2766 367 2835 quibus
385 2769 522 2820 terrarum
538 2766 639 2819 militet
656 2765 712 2819 oris

75 2842 205 2897 Claudius
223 2842 344 2909 Augusti
361 2841 501 2909 privignus
520 2840 589 2894 scire
607 2840 706 2895 laboro.

75 2917 215 2971 Thracane
232 2933 280 2971 ros
299 2916 466 2984 Hebrusque
483 2916 566 2969 nivali
584 2915 714 2983 compede
732 2915 844 2986 vinctus,

77 2996 123 3048 An
139 2992 212 3047 freta
229 2992 331 3045 vicinas
347 2991 422 3044 inter
439 2990 578 3044 currentia
595 2994 694 3056 turres,

77 3070 121 3122 An
137 3068 253 3188 pingues
272 3067 356 3119 Asiae
373 3065 462 3133 campi
479 3064 615 3131 collesque
632 3066 789 3119 moranturt
916 3078 928 3115 s

133 3146 143 3189 1
