2025 3409
74 87 120 134 iss
347 84 501 133 HORATII
520 84 649 134 FLscoi

72 164 160 232 'Pergo
177 164 282 232 plector
299 163 379 217 enirn.
414 163 466 227 Qui
484 167 516 216 tn
533 161 692 231 impunitior
708 164 755 216 illa
889 180 928 221 ros

73 239 149 303 Quae
166 254 249 307 parvo
267 238 336 291 sumi
353 240 493 306 nequeunt
511 238 622 291 obsonia
640 240 752 306 captasl

72 314 178 383 Nempe
197 314 395 367 inamarescunt
411 314 508 382 epulae
526 314 583 367 sine
601 313 655 367 fine
672 314 782 381 petitae.

73 389 205 457 Illusiqne
222 390 307 458 pedes
324 389 451 442 vitiosum
467 386 541 441 ferre
560 392 686 442 recusant

73 465 184 533 Corpus.
221 467 267 517 An
283 464 327 518 hic
343 468 445 532 peccat,
463 462 515 517 sub
531 468 639 517 noctem
657 465 704 531 qui
721 481 790 533 puer
808 480 892 519 uvam

72 540 185 593 Furtiva
202 544 291 593 mutat
307 540 419 606 strigili:
437 540 485 607 qui
502 540 616 606 praedia
633 539 734 605 vendit,
797 568 799 579 =
890 557 926 596 ue

73 615 119 668 Nil
137 616 234 669 servile
252 615 331 683 gulae
347 631 445 682 parens
463 614 566 668 habeti
603 614 693 681 Adde,
712 614 786 683 quod
804 614 878 667 idem

72 691 98 743 N
101 707 134 743 on
151 690 245 743 horam
262 694 353 743 tecum
370 706 430 742 esse
447 694 533 757 potes,
552 705 606 742 non
624 690 680 743 otia
698 693 772 743 recte

73 765 185 833 Ponere,
202 768 286 834 teque
302 764 391 833 ipsum
410 765 488 835 viltas,
506 764 637 832 fugitivus
655 770 684 817 et
702 780 769 832 erro,

71 840 136 893 Jam
154 842 216 893 vino
233 856 375 909 quaerens,
390 838 450 907 jam
468 856 561 893 somno
579 839 673 893 fallere
690 856 797 895 euram:

73 914 197 980 Frustra;
204 932 267 968 nam
275 931 365 967 eomes
373 919 433 967 atra
439 914 540 982 premit
548 914 726 982 sequiturque
732 914 878 981 fugacem?
889 927 925 971 115

71 989 86 1015 “
95 990 175 1043 Unde
187 990 253 1042 mihi
264 989 383 1059 lapidem
392 989 467 1043 l‘'-“
475 989 611 1054 Quorsum
623 992 666 1043 est
677 1005 745 1058 opus
754 990 830 1043 l’'-“
838 990 925 1045 Unde

140 1066 255 1133 sagittas
265 1066 290 1120 l''

71 1139 147 1192 “Ant
164 1140 265 1193 insanit
282 1139 363 1193 homo
380 1144 429 1194 aut
445 1156 541 1194 versus
558 1140 644 1193 facit.’'
674 1138 773 1193 “Ocius
790 1138 853 1192 hine
869 1142 902 1194 te

71 1214 109 1267 Ni
126 1214 206 1283 rapis,
224 1215 337 1269 accedes
354 1231 437 1284 opera
454 1232 521 1283 agro
538 1232 609 1268 nona
626 1214 748 1269 Sabino.''

459 1348 545 1404 VIII.

71 1439 134 1492 “Ur
152 1439 293 1493 Nasidieni
308 1438 382 1507 jnvIt
399 1441 429 1493 te
447 1455 531 1493 coena
548 1438 641 1495 beatil

71 1512 143 1567 Nam
160 1515 227 1567 mihi
245 1514 388 1582 quaerenti
406 1514 545 1566 convivam
563 1514 652 1567 dictus
669 1514 735 1569 here
752 1514 807 1569 illic

71 1589 115 1643 De
131 1590 222 1643 medio
239 1593 335 1656 potare
353 1589 420 1641 die.”
451 1588 520 1642 “Sic
538 1592 570 1642 ut
587 1589 653 1641 mihi
671 1606 808 1657 nunquam

72 1665 106 1718 In
122 1665 180 1719 vita
195 1665 280 1718 fuerit
297 1664 415 1717 melius.''
446 1663 461 1691 “
469 1664 519 1731 Da,
539 1664 561 1716 si
579 1681 661 1731 grave
678 1681 732 1717 non
750 1668 799 1743 est,

71 1741 147 1805 Quae
164 1741 252 1809 prima
269 1740 369 1793 iratum
387 1743 511 1793 ventrem
528 1739 676 1807 placaverit
694 1740 776 1793 esca.’'
911 1755 925 1797 s

72 1816 238 1884 “Inprimis
256 1814 380 1867 Lucanus
396 1831 479 1882 aper;
498 1814 553 1867 leui
571 1814 623 1867 init
642 1816 746 1868 Austro

72 1892 181 1959 Captus,
197 1893 231 1943 ut
247 1890 338 1943 aiebat
355 1906 454 1943 coenae
471 1894 566 1959 pator;
584 1889 657 1943 acria
674 1891 775 1943 circum

72 1967 185 2034 Rapula,
202 1966 331 2033 lactucae,
349 1965 462 2031 radices,
480 1965 571 2031 qualia
589 1964 689 2018 lassum
775 2006 779 2012 .

73 2042 231 2094 Pervelluut
248 2041 430 2106 stomachum·
441 2041 515 2106 siser,
533 2040 608 2107 allec,
626 2040 731 2094 saccula
750 2041 812 2095 coa.

73 2118 125 2169 His
142 2116 189 2169 ubi
208 2116 321 2169 sublatis
339 2132 407 2184 puer
425 2115 481 2168 alte
498 2116 601 2167 cinctus
618 2132 743 2169 scemam
902 2130 925 2169 lo

72 2193 197 2259 Gausape
214 2207 350 2259 purpureo
368 2206 488 2243 mensam
505 2191 643 2258 partemii,
661 2195 689 2245 et
707 2192 777 2245 alter

72 2267 196 2334 Sublegit
214 2267 394 2334 quodcunque
408 2265 515 2333 jaceret
533 2265 628 2320 inutile
646 2266 774 2334 quodque

73 2344 170 2395 Posset
187 2345 331 2395 coenantes
349 2341 500 2404 offendere3
518 2344 550 2393 ut
569 2340 665 2393 Attica
682 2342 757 2408 virgo

72 2419 141 2471 Cum
159 2418 242 2470 sacris
261 2417 369 2470 Cereris
386 2415 511 2483 procedit
529 2415 620 2469 fuscus
638 2412 782 2483 Hydaspes

73 2493 196 2547 Caecuba
213 2493 276 2545 vina
293 2493 390 2558 ferens,
408 2492 495 2543 Alcon
515 2490 611 2544 Chium
629 2492 712 2544 maris
729 2506 834 2557 expers
900 2504 925 2545 io

73 2569 127 2622 Hic
144 2570 240 2621 herus:
260 2567 405 2631 Albanum,
424 2566 575 2632 Maecenas,
595 2565 651 2619 sivo
670 2565 816 2619 Falermun

73 2643 111 2697 'le
128 2643 213 2710 magis
231 2643 362 2710 appositis
380 2641 505 2708 delectat,
522 2640 653 2693 habemus
670 2639 838 2708 utrumque.''

72 2719 87 2745 “
94 2718 210 2771 Divitias
227 2718 356 2772 miseras!
394 2716 450 2769 Sed
467 2716 529 2784 quis
548 2716 725 2769 coenantibus
742 2730 805 2782 una,

73 2793 206 2859 Fundani,
224 2792 336 2858 pulchre
352 2791 436 2843 fuerit
453 2790 513 2856 tibi,
531 2806 610 2843 nosse
627 2790 740 2843 laboro.''
823 2828 827 2837 .
938 2828 946 2842 .

74 2867 222 2918 “Summus
235 2882 285 2930 ego
297 2870 326 2917 et
337 2882 420 2932 prope
432 2881 476 2917 me
489 2865 587 2917 Viscus
599 2866 734 2919 Thurinus
747 2868 776 2919 et
788 2866 858 2919 iufra
895 2883 920 2922 as

73 2938 103 2991 Si
120 2938 230 2989 memini
249 2938 362 3003 Varius3
379 2934 441 2990 cum
459 2938 572 2992 Servilio
591 2940 737 2994 Balatrone

73 3010 209 3076 Vibidius,
227 3026 293 3076 quas
312 3012 454 3063 Maecenas
472 3013 624 3067 adduxerat
642 3016 759 3069 umbras.

73 3082 259 3135 Nomentanus
276 3087 337 3135 erat
354 3099 434 3149 super
451 3084 550 3151 ipsum,
569 3088 681 3141 Porcius
698 3090 769 3161 inira
