2025 3409
302 40 507 93 unanimum
524 43 548 93 1.
566 46 607 104 25,
625 46 664 93 26.
879 44 909 98 1²

192 120 236 175 l'u
252 125 355 176 inistra
372 121 435 191 pius
451 122 507 177 heu
523 139 578 177 uon
593 123 635 178 iia
651 122 787 179 creditum

230 196 322 249 Poscis
341 196 518 261 Quinctilium
536 198 611 253 deos

193 272 298 337 Quodsi
316 272 442 327 Threicio
459 271 587 328 blandius
604 272 714 342 Orpheo
754 295 778 351 l
795 296 805 333 ι
820 290 846 359 t
855 301 873 336 μ

194 349 329 403 Auditum
346 349 491 404 moderere
509 348 652 404 arboribus
669 328 778 439 fidem,

194 424 222 479 N
225 441 259 477 on
277 441 363 478 vanae
381 425 479 480 redeat
496 426 606 493 sanguis
623 424 743 495 imagini,
888 441 908 481 ιι

230 500 317 565 Quam
334 502 412 569 virga
429 501 515 557 semel
531 501 645 556 horrida

194 575 258 629 Non
275 576 345 630 lenis
361 575 490 648 precibus
504 577 563 630 iata
579 576 723 631 recludere

194 652 281 720 Nigro
298 653 460 722 compulerit
477 652 631 707 Mercurius
648 650 733 722 gregi.

194 728 315 783 Durum:
333 729 383 782 sed
400 729 486 783 levius
503 730 537 783 fit
552 729 686 797 patientia

230 802 371 873 Quidquid
388 805 524 873 corrigere
542 809 586 860 est
602 806 685 860 nefas
884 819 908 858 ιι

439 945 531 999 XXV.

195 1027 318 1083 Panemo
330 1026 441 1096 junctas
459 1029 587 1097 quatiunt
603 1029 739 1084 fenestras

195 1103 302 1157 lctibus
319 1103 423 1157 crebris
437 1103 555 1171 juvenes
571 1104 701 1173 protervi,

195 1178 256 1233 Neo
272 1178 324 1233 tibi
341 1194 450 1233 somnos
466 1180 600 1249 adimunt,
617 1184 746 1249 mulque

263 1254 353 1308 Janua
369 1254 460 1323 limen,

195 1330 272 1393 Quae
288 1329 365 1399 prius
382 1330 498 1385 multum
517 1330 603 1385 facilis
619 1330 747 1384 movebat
890 1343 904 1381 o

195 1405 345 1470 Cardines3
363 1406 442 1459 audis
459 1406 548 1460 minus
566 1411 596 1461 et
612 1407 702 1460 minus
714 1405 787 1474 jam:

193 1480 264 1535 “Me
280 1484 329 1535 tuo
347 1481 441 1549 longas
457 1486 592 1550 pereunte
608 1485 710 1548 noctes,

263 1556 357 1625 Lydia,
375 1557 517 1613 dormisl”

194 1630 316 1685 Invicem
333 1631 460 1685 moechos
477 1649 546 1685 anus
563 1636 721 1701 arrogantes

194 1704 287 1761 Flebis
304 1706 333 1759 iu
351 1707 408 1761 solo
425 1708 492 1762 levis
510 1708 662 1776 angiportu,
884 1723 907 1763 ιο

193 1781 307 1836 Thracio
324 1782 474 1837 bacchante
491 1783 578 1851 magis
594 1782 646 1837 sub
663 1784 744 1837 inter·

261 1857 336 1911 lunia
352 1862 441 1926 vento,

194 1931 264 1985 Cum
281 1932 332 1986 tibi
349 1933 465 2000 flagrans
482 1950 558 1987 amor
575 1936 605 1987 et
621 1932 707 1987 libido

195 2006 271 2070 Quae
288 2008 358 2061 solet
374 2012 476 2062 matres
493 2008 596 2063 furiare
613 2025 743 2078 equorum

195 2082 305 2137 Saeviet
322 2084 393 2137 eirca
406 2083 487 2151 jecur
503 2085 665 2153 ulcerosum,

261 2160 325 2213 Non
342 2160 401 2214 sine
418 2162 518 2229 questu

193 2234 280 2289 Laeta
297 2236 372 2304 quod
388 2235 475 2305 pubes
491 2236 595 2289 hedera
611 2235 717 2291 virente

194 2310 320 2365 Gaudeat
336 2310 411 2379 pulla
427 2311 514 2379 magis
531 2315 614 2381 atque
630 2315 727 2381 myrto,

194 2386 296 2440 Aridus
312 2386 423 2441 frondes
440 2388 539 2442 hiemis
555 2387 641 2442 sodali

261 2462 379 2517 Dedicat
398 2462 500 2518 Hebro.

428 2606 536 2663 XXVI.

193 2688 281 2744 Mons
297 2690 400 2745 amicus
416 2690 558 2744 tristitiam
575 2693 605 2744 et
621 2691 712 2744 metus

193 2764 310 2819 Tradam
328 2765 462 2835 protervis
478 2766 508 2818 in
526 2781 602 2819 mare
620 2765 757 2819 Oreticum

216 2842 341 2913 ¹Portare
359 2842 455 2909 ventis,
473 2841 535 2910 quis
552 2840 603 2894 sub
621 2840 708 2895 Arcto

219 2935 227 2953 ι
261 2917 321 2971 Rex
338 2916 446 2985 gelidae
463 2919 604 2970 metuatur
620 2932 692 2983 orae,

192 2990 265 3055 Quid
282 2991 424 3045 Tiridaten
440 2993 546 3044 terreat
562 2990 642 3042 unice

192 3065 315 3120 Securus.
350 3066 383 3134 Ο,
401 3062 610 3134 quaesentibus
626 3064 740 3129 inteffis
