2025 3409
305 40 513 90 CARMINUM
530 42 583 91 111.
600 41 643 94 27.
870 42 903 89 65

183 120 230 177 Sic
245 124 276 175 et
294 121 404 189 Europe
422 122 533 175 niveum
552 120 648 175 doloso
878 136 902 177 π

183 196 312 251 Credidit
329 200 409 251 tauro
426 196 499 251 latus
517 200 548 250 et
565 200 718 252 scatentem

182 272 288 327 Belluis
305 276 420 341 pontum
438 272 600 342 mediasque
617 272 731 327 fraudes

221 347 325 401 Palluit
342 347 441 402 audax.

182 422 280 491 Nuper
298 423 327 475 in
344 423 431 491 pratis
449 422 573 477 studiosa
589 422 687 477 florum
705 426 737 478 et

182 498 302 553 Debitae
319 498 453 567 Nymphis
470 500 563 567 opifex
581 514 697 551 coronae

181 574 209 629 N
210 580 272 628 octe
290 573 422 627 sublmrn‘
434 573 509 627 nihil
526 577 602 628 astra
617 578 730 641 praeter

218 649 301 703 Vidit
318 652 349 703 et
365 649 461 703 undas.

183 726 260 791 Quae
278 724 360 778 simul
377 728 489 779 centum
506 724 603 792 tetigit
621 727 763 791 potentem

183 799 301 869 Oppidis
319 800 437 854 Creten:
457 801 547 866 Pater,
565 816 582 854 o
599 800 726 853 relictum

182 875 270 931 Filiae
287 892 386 929 nomen
402 876 555 944 pietasque,
573 874 653 942 dixit,

218 953 302 1007 Victa
318 952 427 1006 furore!

182 1028 266 1083 Unde
283 1044 339 1097 quo
354 1027 437 1081 venit
472 1025 555 1081 Levis
572 1043 629 1080 una
645 1043 720 1079 mora
738 1030 782 1081 est

182 1103 329 1172 virginum
345 1102 450 1172 culpae.
485 1101 648 1169 vigilansne
665 1103 744 1169 ploro

182 1178 273 1247 Turpe
290 1179 471 1247 commissum,
488 1194 525 1231 an
542 1178 617 1232 vitiis
635 1182 773 1231 carentem

218 1254 305 1308 Ludit
323 1254 414 1323 imago

182 1330 263 1384 Vana
281 1346 351 1399 quae
368 1333 449 1398 porta
466 1329 574 1399 lugiens
590 1327 696 1384 eburna

183 1405 324 1460 Somnium
342 1405 437 1461 ducit?
472 1406 609 1460 Meliusne
625 1406 726 1458 fluctus

184 1481 230 1535 Ire
248 1498 299 1550 per
317 1482 413 1549 longos
430 1481 485 1535 fuit
502 1498 539 1535 an
556 1487 683 1535 recentes

219 1557 341 1625 Carpere
357 1557 458 1612 floresl

184 1632 213 1687 Si
231 1633 293 1701 quis
310 1631 438 1685 infamem
457 1632 524 1686 mihi
541 1647 614 1687 nunc
625 1629 775 1701 juvencum
877 1648 901 1687 rs

183 1707 278 1762 Dedat
295 1708 384 1762 iratae
401 1708 524 1767 lacerare
541 1709 616 1762 ferro
633 1712 663 1763 et
766 1756 769 1760 ,

183 1783 325 1851 Frangere
342 1784 432 1837 enitar
449 1783 531 1838 modo
548 1784 665 1838 multum
685 1783 771 1838 amati

149 1902 152 1907 .
219 1860 328 1913 Cornua
345 1860 468 1914 monstri.

184 1933 336 2003 Impudens
353 1934 421 2003 liqui
438 1934 543 2003 patrios
561 1935 687 2003 Penates,

184 2010 337 2077 Impudens
355 2010 456 2064 Orcum
474 2027 573 2065 moror.
609 2011 633 2065 0
651 2012 765 2065 deorum

184 2086 214 2141 Si
233 2086 295 2154 quis
312 2086 380 2139 haec
397 2087 484 2154 andis,
502 2087 609 2140 utinam
625 2088 700 2141 inter
716 2102 807 2141 errem

124 2179 128 2185 ·
218 2161 302 2214 Nuda
319 2161 429 2215 leones!

185 2237 343 2305 Antequam
360 2236 450 2305 turpis
467 2237 568 2292 macies
585 2236 716 2291 decentes

184 2312 307 2381 Occupet
324 2312 410 2367 malas
426 2317 595 2382 teneraeque
612 2330 707 2367 succus

183 2387 296 2441 Defluat
312 2388 438 2456 praedae,
457 2390 580 2459 speciosa
596 2404 699 2458 quaero

220 2464 336 2517 Pascere
354 2464 447 2532 tigres.

184 2536 257 2593 Vilis
275 2540 391 2607 Europe,
410 2542 490 2607 pater
507 2542 589 2606 urget
606 2538 721 2593 absens:

184 2614 258 2679 Quid
275 2614 344 2667 mori
362 2616 471 2669 cessas?
507 2613 590 2667 Potes
607 2614 658 2666 hac
675 2614 710 2667 ab
727 2630 792 2668 orno

184 2690 339 2744 Pendulum
356 2706 423 2744 zona
439 2690 512 2743 bene
529 2693 559 2743 te
576 2692 671 2743 secuta

218 2765 342 2821 Laedere
359 2766 464 2821 collum.

183 2839 247 2895 Sive
263 2846 294 2895 te
311 2858 393 2909 rupes
410 2846 440 2895 et
456 2844 537 2896 acuta
553 2840 610 2897 leto

183 2917 256 2969 Saxa
272 2917 413 2971 delectant
430 2933 480 2985 age
497 2922 527 2971 te
544 2918 679 2986 procellae

183 2990 273 3047 Crede
290 2993 383 3058 veloci,
401 2992 454 3045 nisi
472 2992 558 3045 herile
575 2994 662 3045 mavis

217 3067 338 3136 Carpere
355 3081 471 3134 pensum
