2025 3409
100 58 132 107 28

375 60 529 110 HORATII
545 60 676 111 nancel

275 143 320 195 Ab
337 140 465 195 insolenti
482 145 662 209 temperatam

307 216 433 285 Laetitia,
450 216 582 271 moriture
598 217 679 286 Delli,

239 292 294 347 Seu
311 296 431 347 maestus
448 292 522 346 omni
539 297 663 361 tempore
679 293 787 362 vixeris,

239 368 293 423 Seu
311 372 340 422 te
357 369 386 421 in
403 371 509 423 remoto
525 370 648 436 gramine
664 386 714 436 per
732 368 791 424 dies

272 443 369 497 Festos
386 444 547 497 reclinatum
563 444 654 498 bearis

306 519 442 573 Interiore
458 522 523 573 nota
541 519 657 574 Falerni

238 593 298 658 Quo
315 596 396 663 pinus
414 596 509 663 ingens
526 594 643 665 albaque
660 595 776 665 populus

237 668 370 725 Umbram
387 670 548 739 hospitalem
565 672 718 725 consociare
735 672 828 725 amant
874 706 879 714 ·
934 689 962 731 ιι

272 746 385 800 Ramisi
421 746 494 811 Quid
512 746 621 815 obliquo
638 746 744 801 laborat

305 820 427 890 Lympha
444 822 528 889 fugax
545 820 684 891 trepidare
701 822 779 876 rivoi

237 896 301 951 Hae
317 897 379 950 vina
395 902 425 951 et
443 901 580 967 unguenta
597 901 626 951 et
642 897 756 951 nimium
772 896 871 951 breves

236 972 331 1027 Flores
349 988 476 1027 amoenae
493 973 566 1027 serre
580 971 649 1041 jube
665 989 751 1042 rosae,

269 1049 343 1102 Dum
360 1066 404 1103 res
421 1052 451 1103 et
467 1052 543 1102 aetas
560 1052 596 1103 et·
606 1064 728 1102 sororum
745 1050 749 1057 '

304 1124 363 1177 llile
380 1124 463 1177 trium
481 1124 623 1193 patiuntur
640 1127 708 1178 atra.
725 1175 727 1180 .

235 1199 323 1255 (ledes
341 1200 471 1268 coemptis
489 1200 603 1264 saltibus
620 1203 649 1254 ot
666 1198 747 1253 domo

234 1275 361 1345 Villaque
378 1276 463 1329 flavus
481 1292 563 1344 quam
581 1275 686 1329 Tiberis
702 1276 777 1343 levit,

269 1351 358 1407 cedes
375 1356 404 1406 et
422 1350 568 1405 exstructis
585 1351 614 1404 in
631 1350 717 1405 altum
751 1391 753 1396 ,

302 1426 411 1481 Divitiis
428 1426 548 1494 potietur
564 1426 653 1481 heres.

143 1532 145 1537 ·
234 1500 353 1555 Divesne
371 1502 458 1570 prisco
476 1504 556 1555 natus
574 1501 610 1554 ab
629 1501 730 1556 Inacho

233 1576 279 1631 Nil
296 1576 411 1631 interest
428 1594 463 1631 an
480 1593 584 1645 pauper
601 1580 630 1631 et
647 1578 740 1631 infima

266 1652 310 1706 De
327 1656 409 1720 gente
427 1653 477 1706 sub
495 1652 558 1706 divo
575 1654 697 1721 moreris,

301 1728 422 1783 Victima
437 1727 476 1781 nil
493 1727 647 1793 miserentis
665 1727 736 1784 Orci.

232 1802 335 1857 Omnes
353 1802 449 1859 eodem
466 1804 595 1871 cogimur,
614 1804 733 1858 omnium

233 1879 367 1933 Versetur
382 1896 452 1933 urna
469 1879 555 1933 serius
573 1879 646 1943 oeiue

266 1954 330 2009 Sors
348 1954 455 2008 exitura
472 1960 502 2008 et
518 1970 569 2008 nos
584 1954 613 2007 in
630 1957 772 2009 aeternum

300 2029 419 2083 Exilium
436 2030 598 2099 impositura
615 2031 735 2085 cumbae.

491 2169 542 2223 IV.

230 2252 257 2307 N
260 2270 276 2305 a
294 2252 331 2305 sit
347 2251 459 2305 ancillae
476 2242 529 2306 tibi
546 2268 623 2306 amor
638 2252 744 2321 pudori,

230 2327 350 2381 Xanthia
369 2327 493 2381 Phoceu!
531 2328 612 2381 Prius
628 2329 788 2383 insolentem

229 2402 314 2457 Serve
332 2402 434 2456 Briseis
451 2402 530 2456 niveo
547 2402 637 2457 eolore
694 2468 698 2476 ‚

264 2477 351 2531 Movit
371 2476 520 2542 Achillem
563 2484 566 2489 '

229 2552 317 2607 Movit
335 2553 450 2621 Ajaeem
467 2552 612 2606 Telamone
628 2557 724 2608 natum

229 2628 329 2683 Forma
346 2628 468 2695 captivae
486 2629 626 2682 dominum
644 2629 816 2695 Tecmessae3

227 2705 307 2759 Arsit
326 2703 439 2759 Atrides
456 2704 547 2758 medio
564 2704 593 2757 in
609 2706 748 2775 triumpho

263 2780 377 2847 Virgine
394 2783 482 2849 rapta,

229 2852 367 2912 Barbarae
383 2858 529 2923 postquam
546 2855 668 2910 cecidere
685 2860 792 2911 turmae

228 2929 356 2982 Thessalo
373 2930 476 2983 victore
494 2933 524 2983 et
541 2930 686 2997 ademptus
704 2932 810 2987 Hector

228 3003 356 3057 Tradidit
372 3004 451 3057 fessis
467 3004 569 3057 leviora
585 3004 644 3058 tolli

265 3077 398 3146 Pergama
415 3078 500 3133 Grais
