2025 3409
357 61 571 110 SATIRARUM
589 60 624 107 Il.
645 62 668 107 6.
906 54 949 102 151

95 142 163 197 Sive
182 139 285 211 Aquilo
302 140 377 195 radit
394 146 482 194 tenus
500 157 548 194 seu
565 140 660 193 brunna
677 136 794 191 nivalem

98 217 236 271 Interiore
254 217 329 270 diem
345 233 412 286 gyro
429 217 521 283 trahit,
541 218 581 270 ire
598 232 707 271 necesse
728 219 777 270 cst.

99 291 257 358 Postmodo,
275 293 350 361 quod
367 293 404 344 mi
421 292 492 345 obsit
512 293 582 345 clare
600 297 759 359 certumque
776 287 872 359 locuti),

8 369 12 379 “
98 366 274 420 Luctandum
292 368 319 419 iu
336 366 418 419 turba
436 371 465 419 et
481 366 605 419 facienda
622 366 722 433 injuria
740 366 834 419 tardis.

97 442 197 506 “Quid
213 442 263 508 vis,
274 442 374 508 insane,
392 445 421 496 et
439 458 506 510 ques
524 458 569 495 res
587 441 678 509 agisl’'
698 440 835 508 improbus
852 443 933 507 urget

99 517 186 570 lratis
202 515 343 586 precibus;
361 518 414 569 “tu
430 516 521 585 pulses
539 533 618 569 omne
636 515 709 583 quod
727 516 824 581 obstat,
925 531 947 569 uo

4 608 9 623 ¹
100 592 149 645 Ad
167 592 355 645 Maecenatem
374 592 486 644 memori
504 592 526 643 si
545 595 636 644 mente
654 591 810 644 recurrasl'’

99 667 163 720 lloe
176 666 257 733 juvat
275 668 304 719 et
321 666 394 719 melli
412 669 470 730 est3
487 683 541 719 non
559 666 682 719 mentiar.
718 667 759 718 At
776 664 856 717 simul
873 670 946 717 etms

102 741 224 795 Ventum
241 745 284 795 est
302 740 437 808 Esquilias
453 741 542 793 aliena
559 740 667 808 negotia
684 744 792 793 centum

99 817 156 869 Per
173 819 255 885 eaput
273 820 302 869 et
319 816 390 869 circa
408 816 508 869 saliunt
525 816 604 869 latus.
639 817 738 869 “Ante
756 815 900 869 secundam

99 892 216 945 Roscius
234 891 329 944 orabat
347 891 398 943 sibi
417 890 526 943 adesses
544 890 580 943 ad
599 890 695 943 Puteal
713 892 793 944 cras.'’
924 905 946 945 ιε

6 953 9 1024 l
98 966 168 1019 “De
185 982 216 1019 re
233 966 367 1019 communi
384 965 488 1018 scribae
506 981 603 1032 magna
619 968 702 1032 atque
719 982 787 1018 nova
803 970 832 1019 te

99 1040 226 1094 Orubant
243 1040 324 1093 hodie
342 1031 518 1107 meminisses,
538 1039 646 1105 Quinte,
664 1041 786 1093 revertl.”

98 1117 270 1184 “imprimat
286 1116 329 1168 his
346 1132 411 1169 cura
428 1115 573 1168 Maecenas
590 1115 666 1182 signa
683 1115 811 1169 tabellis.''

99 1189 219 1257 Dixeris,
232 1191 246 1216 “
255 1190 387 1259 Experiar
394 1191 415 1244 :''
433 1190 485 1244 “Si
503 1190 552 1258 vis,
564 1191 665 1258 potes‚’'
677 1190 755 1243 addit
772 1196 801 1245 et
819 1191 911 1246 instat.

99 1266 241 1333 Septimus
258 1271 351 1319 octavo
367 1265 478 1334 propior
490 1264 550 1332 jam
567 1265 669 1332 fugerit
686 1282 772 1319 annus
922 1283 945 1321 4]

99 1341 216 1408 Exque
234 1340 378 1394 Maecenas
394 1357 438 1393 me
456 1340 547 1408 eoepit
563 1340 663 1393 habere
681 1357 788 1393 suorum

99 1414 137 1468 ln
153 1432 280 1481 numer03
297 1415 442 1468 dumtaxat
459 1414 495 1468 ad
513 1415 569 1483 hoc,
588 1432 668 1483 quem
685 1415 782 1469 tollere
799 1416 885 1470 rheda

99 1489 195 1543 Vellet
213 1490 267 1543 iter
283 1490 384 1543 faciens
400 1493 431 1543 et
448 1490 491 1543 cui
509 1490 672 1543 concredere
689 1506 775 1557 nugas

99 1565 163 1617 Hoc
173 1581 268 1631 genus:
276 1565 375 1617 “Hora
383 1567 466 1632 quota
473 1567 528 1618 estl
547 1565 637 1618 Thrax
647 1565 945 1635 estGallinailproparl

99 1640 239 1694 Matutine
254 1655 351 1707 parum
368 1643 462 1693 cautos
474 1639 534 1706 jam
551 1640 652 1707 frigora
670 1641 796 1695 mordent
805 1641 825 1707 ;'’
922 1658 945 1695 rs

100 1715 139 1768 m
156 1730 226 1782 quae
244 1714 343 1767 rimosa
359 1714 431 1767 bene
449 1713 623 1783 deponuntur
639 1714 667 1767 in
685 1731 758 1768 aure.

0 1788 1 1801 ¹
99 1788 156 1842 Per
172 1791 262 1842 totum
279 1788 330 1841 hoc
347 1792 455 1856 tempus
473 1788 621 1855 subjectior
637 1790 666 1840 in
683 1789 757 1843 diem
774 1792 805 1844 et
821 1788 916 1843 horam

99 1864 225 1917 Invidiae
242 1866 343 1916 noster.
378 1863 471 1915 Ludos
489 1867 658 1930 spectaverat
675 1880 735 1931 una,

86 1938 217 2015 'Luserat
233 1940 263 1991 in
281 1938 395 2005 Campo:
415 1938 553 1991 Fortunae
571 1939 659 1992 filius!
679 1956 777 1993 omnes.

99 2014 229 2081 Frigidus
246 2030 263 2066 a
281 2013 388 2066 Rostris
405 2018 498 2066 manat
516 2030 565 2081 per
582 2015 699 2080 compita
716 2032 821 2071 rumor:
921 2031 944 2070 st

97 2089 260 2156 Quicunque
277 2088 372 2141 obvius
390 2092 435 2141 est
451 2104 496 2141 me
513 2088 642 2143 consulit:
660 2089 706 2142 “0
724 2089 801 2157 bone,
820 2107 882 2143 num
899 2095 928 2145 te

98 2165 174 2217 Scire
192 2163 258 2216 deos
276 2163 402 2232 quoniam
418 2165 530 2231 propius
547 2163 679 2231 contingis
697 2169 821 2231 opertet;

97 2238 242 2307 Numquid
258 2238 294 2291 de
311 2230 393 2291 Dacis
410 2237 512 2291 audisti
522 2238 546 2291 2’‘
572 2239 641 2291 “Nil
659 2240 807 2306 equidem.’‘
834 2241 897 2295 “Ut
914 2245 944 2295 tu

1 2350 5 2361 .
97 2314 214 2382 Semper
232 2314 286 2366 eris
304 2312 409 2366 derisor
419 2313 442 2367 l’‘
472 2314 537 2366 “At
554 2330 647 2366 omnes
665 2314 694 2366 di
712 2316 851 2382 exagitent
868 2333 911 2369 mc

97 2390 126 2442 Si
145 2388 315 2457 quidquam.’'
346 2388 445 2455 “Quid,
458 2388 590 2441 militibus
607 2390 740 2456 promissa
759 2391 902 2458 Triquetra
921 2407 945 2446 55

97 2463 217 2517 Praedia
235 2464 336 2516 Caesar
352 2480 387 2516 an
405 2468 448 2517 cst
468 2464 540 2517 Itala
556 2463 654 2517 tellure
672 2465 820 2520 daturusl’'

96 2539 243 2592 Jurantem
257 2540 393 2627 pnescire
410 2538 476 2591 nihil
494 2539 629 2592 mirantur
647 2543 678 2593 ut
696 2556 779 2594 unmn

97 2614 207 2667 Scilicet
224 2613 327 2681 egregii
344 2614 485 2666 mortalem
503 2613 606 2681 altique
624 2614 720 2668 silenti.

97 2688 229 2743 Perditur
245 2688 311 2742 haee
328 2689 400 2742 inter
417 2688 516 2741 misero
535 2688 581 2741 lux
599 2706 653 2742 non
672 2689 730 2743 sine
747 2690 831 2746 votis:

96 2766 120 2817 Ο
140 2780 194 2829 rus,
207 2763 316 2831 quando
334 2780 385 2831 ego
402 2767 432 2816 te
448 2763 616 2832 adspiciaml
635 2766 798 2833 quandoque
812 2765 905 2822 licebit
922 2784 945 2823 ou

96 2838 178 2892 Nunc
194 2841 318 2891 veterum
336 2838 419 2906 libris,
438 2855 509 2891 nunc
527 2855 620 2892 somno
638 2844 668 2893 et
685 2840 819 2895 inertibus
837 2842 911 2897 horis

95 2914 206 2967 Ducere
224 2912 354 2966 sollicitae
367 2913 490 2981 jucunda
507 2913 607 2967 oblivia
624 2914 717 2970 vitael

95 2989 119 3041 Ο
139 2988 249 3057 quando
266 2988 330 3041 iuba
347 2988 518 3055 Pythagorae
536 2993 650 3055 cognatu
668 2990 801 3057 simulque

95 3064 188 3118 Unctu
204 3063 273 3117 satis
288 3064 382 3131 pingui
400 3066 537 3131 ponentur
553 3064 672 3116 oluscula
689 3065 785 3119 lardol
