2025 3409
299 67 502 117 CARMINUM
519 67 568 116 IV.
588 68 625 115 1³.
857 71 886 120 ul

181 150 333 203 Aeternum
351 147 532 216 opprobrium,
549 146 623 216 quod
640 147 711 201 male
727 146 858 201 burburus

216 224 322 289 Regum
340 226 383 276 est
399 222 457 276 ults
474 218 606 275 libidines.

181 298 281 352 Dicunt
298 297 327 350 in
344 300 439 351 tenero
455 299 579 365 gramine
596 296 734 365 pinguium

181 373 315 428 Custodes
331 364 423 426 ovium
440 371 560 426 earmina
576 372 675 439 fistulo,
869 382 888 417 ¹t

181 444 380 517 Delectantque
397 448 479 501 deum
496 448 540 501 cui
556 464 640 517 pecus
657 452 687 503 et
702 448 774 516 nigri

214 525 303 578 Colles
321 522 456 577 Arcadiae
473 524 591 593 placent.

181 600 331 654 Adduxere
349 599 423 653 sitim
440 603 571 667 tempora,
582 599 699 667 Virgili3

179 676 235 730 Sed
250 691 375 744 pressum
393 675 503 729 Calibus
521 675 621 729 ducere
638 674 769 729 Liberum

179 750 208 805 si
225 750 315 819 gestis,
328 749 461 818 juvenum
478 750 609 803 nobilium
627 750 720 819 eliens,
864 764 887 807 is

212 826 307 881 Nordo
323 826 386 879 vine
402 825 551 879 merebere.

180 902 205 955 N
207 903 267 957 ordi
281 918 382 971 parvus
399 918 470 968 onyx
486 902 578 955 eliciet
594 901 692 955 cadum

178 978 231 1041 Qui
247 993 319 1030 nune
336 977 461 1045 Sulpiciis
478 977 591 1031 secubet
607 977 721 1044 horreis,

178 1052 246 1122 Spes
263 1052 365 1105 donare
383 1068 465 1105 novus
482 1051 574 1120 largus
590 1069 737 1121 amaraque

212 1128 344 1183 durarum
362 1128 453 1181 eluere
465 1126 567 1182 efficax.
587 1176 591 1183 .

179 1203 226 1256 Ad
242 1219 313 1271 quae
331 1203 352 1255 si
370 1218 499 1271 properus
516 1203 623 1270 gandia,
641 1219 703 1256 cum
721 1208 769 1257 tun

178 1279 265 1333 Velox
282 1294 372 1331 merce
390 1279 468 1331 veni:
487 1295 542 1332 non
558 1295 609 1346 ego
626 1282 655 1332 te
673 1279 741 1333 meis

178 1354 331 1408 Immunem
348 1353 468 1407 meditor
487 1355 592 1422 tingere
609 1354 719 1423 poculis,

212 1430 296 1483 Plena
312 1429 389 1483 dives
406 1433 438 1482 ut
455 1429 482 1483 in
501 1429 590 1484 domo.

178 1504 282 1557 Verum
298 1521 369 1573 pone
386 1520 476 1558 morus
493 1509 523 1558 et
540 1504 662 1559 studium
680 1506 755 1573 lucri,

177 1580 376 1648 Nigrorumque
393 1596 502 1647 memor,
521 1580 587 1633 dum
603 1580 675 1646 licet,
692 1581 795 1649 ignium

22 1634 31 1657 ’
85 1698 89 1707 ,
177 1655 262 1709 Misce
279 1655 422 1708 stultitiam
439 1655 556 1708 consiliis
573 1654 699 1712 brevem:

211 1730 297 1783 Dulce
314 1734 357 1784 est
374 1729 498 1798 desipere
515 1730 545 1783 in
561 1730 627 1785 loco.

177 1954 336 2023 Aunivsnn,
356 1872 558 2023 megillus
574 1958 644 2019 vote,
662 1955 692 2014 di

178 2030 323 2097 Audivere,
344 2030 426 2098 Lyce:
445 2032 477 2083 lis
494 2047 570 2099 enus,
587 2035 617 2084 et
634 2037 724 2086 tanuen

211 2105 261 2157 Vis
278 2106 395 2158 formose
411 2105 499 2158 viden·

245 2173 385 2241 Ludisque
403 2178 432 2226 et
449 2173 520 2227 bibis
538 2174 682 2242 impudens

178 2247 214 2302 Et
231 2251 312 2302 contu
328 2248 444 2301 tremulo
461 2251 527 2315 pote
545 2249 706 2316 Cupidinem

178 2324 294 2376 Lentum
313 2323 448 2377 sollicites.
484 2323 536 2375 llle
553 2326 666 2377 virentis
683 2328 713 2378 et

211 2398 315 2461 Doctae
332 2398 448 2465 psallere
467 2398 551 2452 Chiae

245 2471 369 2526 Pulchris
386 2472 503 2527 excubat
521 2475 550 2526 in
566 2476 649 2542 genis

178 2548 353 2615 importunus
369 2549 441 2601 enim
459 2552 610 2603 transvolat
627 2550 718 2605 arides

175 2623 305 2691 Quercus,
322 2627 352 2676 et
368 2623 469 2691 refugit
486 2628 516 2677 te
533 2626 598 2694 quio
614 2626 697 2679 luridi

209 2698 321 2765 Dentes,
339 2702 368 2752 te
385 2700 449 2767 quia
466 2716 550 2767 rugae

244 2772 365 2841 Turpant
381 2779 411 2826 et
428 2774 524 2841 cupitis
541 2774 623 2828 nives

174 2848 234 2903 Nec
253 2848 324 2901 Coae
341 2849 463 2902 referunt
476 2850 535 2915 jum
553 2849 605 2902 tibi
622 2866 758 2917 purpurae

174 2922 235 2979 Nec
252 2924 319 2978 clari
335 2923 440 2991 lapides
458 2928 589 2991 tempore,
607 2941 677 2991 quae
695 2925 778 2979 semel

208 2998 290 3052 Notis
306 2999 415 3051 condite
432 2998 510 3050 iestis

245 3067 361 3123 Inclusit
374 3070 489 3124 volueris
506 3069 572 3126 dies
640 3136 643 3142 ,
