2025 3409
362 54 516 107 HORATII
533 59 663 112 FLAGGI

435 319 587 378 XXXVII.

224 427 306 485 Nunc
324 433 366 486 est
382 432 539 504 bibendum,
556 453 628 491 nunc
644 440 716 507 pede
733 442 817 501 libero

225 504 362 561 Pulsanda
379 508 467 577 tellus,
484 527 557 565 nunc
575 512 723 571 Saliaribus

258 580 364 651 Ornare
380 584 505 652 pulvinar
522 586 636 642 deorum
663 600 668 608 ·

292 656 409 726 'lempus
427 664 487 713 erat
505 661 628 731 dapibus,
647 665 760 721 sodales.

223 733 348 787 Antehac
366 734 442 787 nefas
459 735 620 803 depromere
639 739 794 796 Caecubum

223 807 305 863 Oellis
322 809 409 877 avitis,
427 810 493 864 dum
512 811 645 880 Capitolio

256 883 363 951 Regina
380 884 521 940 dementes
537 888 630 941 ruinas

290 958 383 1013 Funus
400 962 429 1015 et
445 961 559 1031 imperio
575 965 691 1031 parabas

221 1033 408 1089 Contaminaio
425 1052 486 1090 cum
502 1054 586 1105 grege
602 1043 723 1109 turpium
737 1094 742 1118 ,
1007 1101 1008 1118 i

220 1110 317 1163 Mo'rbo
336 1112 462 1177 virorum,
479 1113 615 1181 quidlibet
632 1116 767 1187 impotens
910 1142 935 1181 ra
1007 1125 1008 1144 l

253 1186 369 1255 Sperare
386 1187 549 1257 fortunaque
566 1189 639 1244 dulci

286 1262 376 1315 Ebria.
411 1263 467 1317 Sed
483 1264 582 1319 minuit
597 1266 717 1322 furorem

219 1335 273 1390 Vix
290 1354 343 1391 una
361 1354 453 1406 sospes
469 1339 546 1393 nevis
563 1339 599 1394 ab
616 1341 731 1411 ignibus,

217 1412 393 1480 Mentemque
410 1414 576 1482 lymphatam
592 1416 743 1475 Mareotico

252 1486 369 1555 Redegii
385 1488 415 1541 in
431 1505 510 1543 veros
527 1490 639 1547 timores
821 1498 828 1503 '
906 1518 929 1562 u
1007 1521 1008 1552 l

285 1562 391 1631 Caesar,
409 1562 445 1617 ab
463 1564 546 1619 Italia
563 1568 698 1625 volantem

216 1636 310 1689 Remis
326 1637 470 1707 adurgens,
487 1641 616 1709 accipiter
632 1646 707 1701 velut

216 1712 313 1765 Molles
330 1712 467 1767 columbas
485 1719 533 1770 aut
551 1717 670 1786 leporem
688 1722 758 1777 citus

249 1788 371 1842 Venator
387 1788 416 1842 in
434 1791 536 1859 campis
553 1793 649 1848 nivalis
778 1859 782 1864 ⁴

282 1864 456 1932 Haemoniae,
474 1866 555 1921 daret
571 1873 603 1921 ut
620 1873 723 1926 eatenis
897 1896 922 1935 aa

215 1938 310 1994 Fatale
327 1944 494 1997 monstrum:
513 1959 583 2011 quae
599 1949 754 2013 generosius

215 2015 308 2069 Perire
325 2033 459 2085 quaerens
477 2034 527 2071 nec
544 2020 715 2077 muliebriter

245 2091 363 2160 Expavit
379 2108 471 2145 ensem
488 2109 539 2147 nec
556 2095 673 2151 latentes

280 2166 372 2220 Classe
389 2168 443 2221 cita
460 2170 597 2237 reparavit
614 2188 682 2227 oras.

212 2244 288 2295 Ausa
306 2245 335 2296 et
348 2242 484 2310 jacentem
503 2246 590 2300 visere
607 2249 709 2317 regiam
894 2274 920 2314 as
1007 2241 1008 2254 ἵ

211 2316 297 2371 Vultu
315 2334 417 2386 sereno,
435 2319 514 2374 fortis
531 2325 561 2377 el
577 2340 688 2392 asperas

243 2393 371 2447 Tractare
388 2398 535 2465 serpentes,
552 2402 586 2451 ut
601 2404 692 2454 atrum

277 2467 397 2538 (lorpore
413 2469 581 2527 combiberet
597 2491 738 2546 venenum,

207 2542 365 2599 Delibereta
381 2549 470 2599 morte
486 2546 607 2617 ferocior,

207 2619 300 2675 Saeuis
317 2620 446 2674 Liburnis
463 2621 566 2677 scilicet
581 2624 705 2680 invidens
890 2648 916 2689 ῃ
1007 2657 1009 2674 2

241 2695 351 2749 Privata
370 2695 467 2750 deduci
484 2698 602 2764 superbo

274 2770 300 2825 N
302 2788 336 2825 ou
353 2770 462 2825 humilis
478 2773 577 2828 mulier
593 2776 738 2846 triumpha
