2025 3409
67 64 115 111 202
339 62 493 111 HORATII
512 63 642 113 FLAOCI

65 140 95 195 si
113 141 231 196 dicentis
248 144 329 195 erunt
347 142 464 196 fortunis
483 142 586 197 absone
604 137 678 199 dicia

64 216 181 271 Romam
198 216 297 271 tollent
315 217 424 286 equites
441 218 606 288 peditesque
622 219 790 275 cachinnum,

66 293 200 347 Intererit
216 292 333 347 multum
351 293 465 348 divusne
483 294 612 363 loquatur
629 311 663 349 an
682 293 771 364 heros,

65 368 227 423 Matumsne
245 386 329 424 senex
346 386 380 423 an
399 369 490 424 adhuc
507 371 623 425 florente
635 365 753 439 juventa

67 443 209 512 Fervidus,
227 449 257 499 et
273 448 398 499 matrona
414 448 513 514 potens
530 462 565 500 an
583 446 679 501 sedula
694 446 795 513 nutrix,

66 519 241 574 Mercatorne
258 537 342 589 vagus
359 520 484 575 cultorne
500 522 615 577 virentis
633 522 722 591 agelli,

67 595 185 650 Colchus
202 613 238 650 an
256 595 391 665 Assyrius,
410 596 510 651 Thebis
528 597 649 652 nutritus
668 614 703 651 an
722 597 813 666 Argis.

68 673 127 726 Aut
143 672 244 726 famam
261 688 376 741 sequere
392 677 442 726 sut
459 672 512 726 sibi
529 672 716 727 convenientis
734 674 813 741 finge.

67 747 190 816 Scriptor
206 747 367 802 honoratum
385 749 409 801 si
425 749 497 802 forte
515 749 623 817 reponis
642 748 785 817 Achillem,

67 822 198 893 Impiger,
214 824 367 892 iracundus,
383 823 566 891 inexorabilis,
585 841 655 893 acer,
754 892 761 897 ᾖ

67 899 138 953 Jnra
154 903 238 969 neget
255 899 306 953 sibi
323 904 396 967 nata,
413 900 481 954 nihil
498 916 553 953 non
570 904 680 969 arroget
697 901 786 955 armis.

68 974 111 1029 Sit
128 975 229 1030 Medea
245 976 322 1030 ferox
340 976 501 1045 invictaque,
520 974 619 1029 flebilis
638 977 696 1045 Ino,

69 1050 195 1106 Perfidus
213 1052 300 1120 Ixion,
319 1052 351 1106 Io
368 1068 444 1120 vage,
461 1051 551 1105 tristis
569 1051 689 1107 Orestes.

68 1126 98 1178 Si
114 1126 181 1196 quid
197 1128 371 1196 inexpertum
389 1144 485 1181 scenae
502 1128 649 1182 committis
667 1132 696 1183 et
713 1128 798 1183 audes
828 1141 834 1147 ·

68 1201 215 1257 Personam
232 1204 350 1257 formare
366 1219 471 1271 novam,
490 1207 616 1257 servetur
632 1204 669 1257 ed
686 1204 771 1257 imum

68 1276 161 1340 Qualis
178 1279 214 1332 ub
231 1279 340 1348 incepto
357 1278 527 1348 processerit,
545 1283 575 1333 et
592 1278 644 1332 sibi
662 1282 775 1334 constet

68 1351 184 1409 Difficile
201 1359 244 1409 est
260 1354 370 1423 proprio
387 1355 541 1409 communia
558 1354 664 1420 dicere;
681 1358 768 1423 tuque

69 1427 182 1484 Rectius
200 1430 314 1484 Iliacum
331 1447 440 1485 cannen
457 1429 572 1485 deducis
588 1430 618 1483 in
635 1434 720 1497 actus,

69 1504 156 1569 Quam
174 1506 197 1559 si
214 1507 351 1575 proferres
368 1508 462 1573 ignota
478 1506 638 1575 indictaque
654 1506 765 1575 primus.

70 1580 181 1635 Publica
197 1582 326 1635 materies
343 1582 444 1650 privati
457 1581 530 1649 juris
548 1583 608 1649 erit,
627 1582 651 1635 si

68 1655 95 1709 N
96 1672 131 1710 on
149 1656 219 1711 circa
235 1656 318 1710 vilem
335 1656 513 1726 patulumque
530 1658 680 1711 moraberis
697 1658 798 1727 orbem,

69 1731 128 1787 Nec
144 1732 227 1786 verbo
244 1732 358 1786 verbum
375 1731 484 1786 curabis
501 1731 620 1786 reddere
637 1733 710 1786 fidus

68 1807 216 1877 Interpres,
234 1825 285 1862 nec
303 1808 413 1862 desilies
430 1808 553 1862 imitator
570 1808 598 1862 in
616 1812 722 1863 arctum

68 1883 149 1938 Unde
166 1885 265 1952 podem
281 1885 404 1953 proferre
420 1883 511 1952 pudor
528 1886 604 1938 vetet
621 1887 670 1937 ant
686 1884 776 1952 operis
794 1883 849 1939 lex.
883 1900 920 1941 135
1011 1874 1012 1939 l

68 1958 95 2010 N
96 1974 127 2012 ec
144 1960 183 2013 sic
199 1959 312 2027 incipies
329 1962 362 2013 ut
379 1960 497 2028 scriptor
513 1959 629 2026 cyclicus
647 1959 724 2013 olim:

68 2033 237 2089 “Fortunam
255 2035 358 2088 Priami
375 2034 490 2088 cantabo
507 2037 537 2087 et
554 2034 645 2089 nobile
663 2033 788 2089 bellum.’'

69 2109 142 2173 Quid
158 2110 271 2179 dignum
288 2112 366 2163 tanto
383 2110 453 2163 feret
471 2108 516 2163 hic
532 2110 680 2178 promissor
697 2109 791 2164 hiatui

69 2185 230 2240 Parturiunt
245 2190 359 2253 montes,
377 2188 507 2239 nascetur
525 2185 655 2239 ridiculus
672 2202 750 2240 mus.-

69 2262 177 2326 Quanto
193 2262 294 2316 rectius
311 2262 356 2315 hic
373 2260 421 2329 qui
438 2260 476 2314 nil
493 2259 606 2314 molitur
624 2262 732 2329 inepte:
885 2280 921 2319 uc

68 2337 141 2391 “Dic
157 2338 231 2405 mihi,
250 2338 337 2403 Musa,
353 2337 442 2391 vnum
459 2339 555 2404 captae
573 2340 636 2405 post
653 2340 778 2405 tempore
795 2338 894 2407 Trojae

69 2413 122 2478 Qui
138 2430 228 2468 mores
246 2413 386 2466 hominum
402 2412 550 2465 multorum
569 2412 639 2466 vidit
659 2416 688 2466 et
706 2412 811 2467 urbes.''

67 2488 95 2544 N
96 2507 131 2544 on
147 2491 252 2543 fumum
270 2505 305 2543 ex
321 2489 427 2557 fulgore
444 2487 494 2542 sed
512 2505 547 2542 cx
564 2488 639 2541 fumo
657 2488 724 2542 dere
741 2487 828 2544 lucem

68 2565 186 2634 Cogitat,
202 2569 235 2619 ut
252 2564 374 2633 speciose
391 2562 490 2617 dehinc
507 2564 638 2617 miracula
655 2569 771 2633 promat,
1011 2618 1012 2641 ,

67 2641 240 2710 Antiphaten
251 2639 421 2708 Scyllamque
433 2642 462 2693 et
473 2656 535 2692 cum
548 2638 663 2708 Cyclope
676 2638 840 2709 Charybdin.
882 2655 921 2699 sss
1011 2648 1012 2669 ³

67 2716 127 2769 Nec
143 2716 263 2770 reditum
281 2714 422 2768 Diomedis
439 2714 474 2767 ab
492 2714 607 2769 interitu
624 2714 763 2784 Meleagri,

67 2788 94 2842 N
95 2805 126 2843 ec
143 2792 250 2856 gemino
267 2789 369 2842 bellum
387 2788 534 2856 'frojsuum
552 2790 660 2844 orditur
677 2791 713 2844 ab
730 2807 796 2857 ovo;

67 2864 182 2930 Semper
199 2864 236 2916 ad
252 2866 381 2917 eventum
398 2864 512 2918 festinat
529 2868 559 2919 et
576 2866 605 2918 in
624 2866 729 2919 medias
747 2884 793 2921 res

66 2936 94 2988 N
95 2952 130 2987 ou
147 2951 224 2988 secus
241 2952 273 2987 ec
289 2940 368 2989 notas
385 2938 538 2991 auditorem
555 2940 635 3009 rapit,
653 2944 682 2995 et
700 2958 770 3009 quae

66 3008 204 3073 Desperat
221 3012 339 3062 tractata
354 3011 490 3065 nitescere
506 3030 587 3082 posse
605 3015 750 3084 relinquit;
884 3036 922 3078 ιω

67 3081 162 3145 Atque
174 3081 220 3154 ‘ita
236 3083 376 3149 mentitur,
394 3084 433 3136 sic
450 3086 522 3139 veris
539 3088 608 3141 falsa
624 3091 759 3160 remiscet,
