2025 3409
106 18 135 63 ⁶8
357 17 512 66 HORATII
530 15 659 64 FLAGGI

220 97 382 165 Importune
399 99 493 149 tamen
510 94 656 163 pauperies
672 93 758 158 abest,

221 172 280 225 Nec
297 172 320 225 si
336 171 415 239 plura
433 170 513 223 velini
532 173 564 223 tu
582 169 649 223 dure
666 169 793 237 deneges.

223 246 369 301 Contracto
386 246 483 299 melius
500 261 584 314 parva
601 244 730 314 cupidine

259 321 411 389 Vectigalia
427 322 573 389 porrigam,

224 398 311 463 Quam
329 398 352 450 si
370 396 524 465 Mygdoniis
541 413 656 464 regnum
675 396 798 464 Alyattei

228 473 336 542 Campis
354 473 516 527 continuem.
551 473 641 526 Multa
658 470 817 541 petentibus

211 545 214 550 ’
229 550 336 604 Desunt
352 548 452 602 multe:
469 547 540 602 bene
557 551 601 601 est
618 548 662 601 cui
681 547 750 601 deus
768 546 868 601 obtulit

261 626 346 680 Paroa
363 624 437 693 quod
454 624 521 678 satis
538 626 582 677 est
598 639 688 677 manu.

228 855 303 906 Ann1
320 853 429 905 vetusto
446 850 544 904 nobilis
562 850 597 904 ab
616 851 708 916 Lemo,

229 928 352 995 (Quando
369 929 399 979 et
415 926 520 993 priores
536 926 600 979 hinc
617 927 725 979 Lamias
742 926 835 979 ferunt
933 937 937 946 '
987 919 988 928 ’

262 1002 456 1056 Denominatos
474 1004 503 1054 et
521 1006 650 1069 nepotum

298 1078 352 1131 Per
369 1092 503 1130 memores
520 1093 607 1143 genus
624 1093 705 1131 omne
721 1078 815 1143 festos,

231 1156 352 1209 Auctore
370 1152 469 1205 abillo
487 1152 564 1205 ducis
582 1153 714 1220 originem

231 1230 284 1295 Qui
303 1228 472 1282 Formiarum
489 1228 596 1281 moenia
613 1228 714 1281 dieitur

265 1306 394 1373 Princeps
412 1307 441 1357 et
457 1304 597 1356 innantem
614 1304 734 1360 Maricae

300 1378 450 1434 Litteribus
467 1379 589 1432 tenuisse
607 1378 692 1432 Lirim

231 1456 301 1511 Lete
318 1455 456 1523 tyrannus)
475 1470 535 1507 cras
552 1454 624 1507 foliis
640 1472 736 1511 nemus

232 1530 328 1585 Multis
346 1532 375 1583 et
393 1529 454 1597 algu
471 1529 536 1583 litus
553 1530 643 1583 inutili

267 1605 392 1659 DemIssa
408 1607 557 1673 tempestus
575 1604 610 1657 ab
628 1606 702 1658 Euro

300 1681 417 1745 Sternet,
435 1695 522 1747 aquae
539 1680 592 1733 nIsi
608 1680 679 1733 fallit
696 1696 783 1748 augin

235 1759 345 1811 Annose
362 1754 462 1809 cornix.
497 1754 571 1808 Dum
588 1755 661 1823 potis
678 1756 786 1809 aridum

234 1832 370 1899 Compone
387 1830 503 1897 lignum:
522 1846 582 1883 cres
600 1830 718 1883 Genium
735 1847 811 1885 mero

268 1904 382 1960 Curubis
400 1908 428 1959 et
445 1920 526 1971 porco
544 1904 668 1959 bimestri

200 2032 201 2035 ,
302 1980 371 2035 Oum
388 1979 496 2032 famulis
514 1996 627 2049 operum
646 1980 749 2035 solutis

464 2122 578 2176 XVIII.

234 2209 341 2275 Funus,
360 2206 548 2274 Nympharum
565 2205 718 2273 fugientum
735 2214 848 2277 ornator,

234 2284 288 2336 Per
305 2297 380 2334 meos
397 2282 464 2334 fines
481 2284 512 2334 et
528 2282 620 2349 aprica
637 2298 701 2335 rina

234 2357 316 2412 Lenis
333 2356 443 2409 incedas
461 2355 598 2425 abeasque
616 2357 707 2425 parvis

269 2435 383 2500 Aequus
401 2431 524 2497 alumnis,

234 2508 263 2563 Si
280 2512 360 2560 tener
376 2506 457 2575 pleno
474 2507 549 2560 cadit
565 2507 670 2561 haedus
687 2524 764 2576 auno,

234 2583 323 2650 Largo
340 2597 392 2635 neo
410 2582 511 2636 desunt
528 2583 645 2636 Veneris
663 2582 749 2636 sodali

233 2660 306 2713 Vina
323 2661 451 2711 craterae.
486 2658 575 2712 Vetus
592 2675 640 2712 ara
657 2659 743 2712 multo

268 2734 370 2788 Fumat
387 2734 477 2802 odore,

233 2808 318 2863 Ludit
334 2807 449 2861 herboso
466 2826 549 2877 pecus
566 2827 645 2863 omne
662 2826 764 2880 campo,

233 2884 303 2937 oum
320 2881 372 2935 tibi
389 2882 415 2933 N
417 2899 484 2935 onae
500 2884 620 2938 redeunt
638 2886 819 2954 Decembrem
915 2900 934 2941 ιο
987 2857 989 2944 I

236 2955 334 3009 Festus
351 2955 379 3008 in
397 2957 483 3023 pratis
501 2962 580 3013 vacat
596 2960 683 3014 otioso
987 2951 989 2978 r

269 3029 337 3083 Oum
354 3027 424 3082 bove
440 3047 540 3099 pagus3
