2025 3409
113 74 159 121 10⁰
385 76 539 124 HORATll
557 75 686 125 FLAOGI

111 150 199 215 Quam
216 167 307 222 neque
323 152 434 207 finitimi
450 153 595 208 valuerunt
612 153 728 223 perdere
746 154 831 209 llarsl

144 225 260 279 Minaois
277 230 325 281 aut
345 227 460 281 Etrusca
478 227 616 281 Porsenae
633 244 736 293 manus,

111 300 228 355 Aemula
244 318 296 355 nee
312 303 400 355 virtus
418 302 528 370 capuae
544 318 597 356 nee
614 302 760 371 Spartacus
774 321 838 359 acer
953 325 968 365 s

144 377 284 446 Novisqne
300 378 383 431 rebus
401 377 520 431 infidelis
539 377 678 445 Allobrox,

109 451 168 505 Nee
185 452 244 506 fera
259 453 384 507 caerulea
401 452 507 506 domuit
526 452 673 507 Germania
690 453 762 521 pube

144 528 361 597 Parentibasque
379 527 552 581 abominatus
570 528 716 595 Hannibal,

109 602 198 668 Impia
214 603 361 671 perdemus
378 602 472 657 devoti
489 603 629 671 sanguinis
646 608 729 671 aetas

142 678 275 746 l'erisqne
291 694 386 732 rursus
397 677 574 746 oocupabitur
591 679 685 733 solum.
941 699 965 738 ro

108 752 246 807 Barbarus
263 753 318 808 hou
334 755 439 807 eineres
456 754 567 808 insistet
584 755 671 807 vicar
688 758 717 808 et
735 754 840 811 Urbem

144 828 233 897 Eques
250 832 364 883 sonante
381 828 539 883 verberabit
556 830 665 897 ungula,

107 903 238 973 Quaeque
255 908 349 958 earent
367 904 455 957 ventis
473 908 503 957 et
522 903 623 957 solibus
641 920 702 958 ossa
720 904 834 974 Quirini,

140 979 166 1031 N
169 980 225 1032 elas
241 980 351 1033 ridere!
371 978 517 1046 dissipabit
534 978 659 1033 insolens.

106 1052 190 1108 Forte
206 1054 274 1124 qnid
291 1054 419 1122 expediat
436 1054 616 1107 communiter
632 1058 680 1108 aut
697 1054 793 1108 melior
811 1071 876 1123 pars
943 1076 968 1114 15

139 1130 221 1184 Malis
238 1146 331 1184 carere
349 1129 481 1197 qnaeritis
499 1129 650 1185 laboribus:

104 1203 187 1258 Nulla
204 1206 240 1259 sit
258 1205 308 1258 hae
324 1205 415 1274 potior
434 1204 577 1273 sententia,
597 1204 780 1259 Phocaeorum

139 1281 223 1334 Velut
240 1280 360 1349 profugit
377 1285 518 1334 exsecrata
535 1281 630 1334 civitas

105 1356 195 1423 Agros
212 1360 295 1425 atque
313 1356 397 1409 hares
414 1356 517 1424 patrios
535 1355 736 1425 habitandaque
753 1356 817 1410 ana

137 1432 223 1500 Apris
239 1432 350 1500 reliquit
367 1435 397 1485 et
413 1432 557 1499 rapacibus
574 1432 652 1501 lupis,
940 1454 967 1493 ρο

104 1506 151 1560 Ire
167 1507 252 1575 pedes
269 1523 431 1575 quoeunque
448 1507 546 1573 ferent,
564 1523 724 1576 quoeunque
741 1522 792 1576 per
809 1508 904 1564 undas

137 1582 227 1637 Notus
243 1581 351 1635 vocabit
368 1588 416 1636 aut
433 1586 577 1651 protervus
595 1582 712 1637 Africus.

103 1657 146 1709 Sic
162 1658 272 1725 plaeetl
295 1674 330 1711 an
346 1657 443 1710 melius
461 1658 522 1726 quis
540 1657 624 1712 habet
642 1658 953 1719 suaderet—Secunda

137 1733 236 1787 Ratem
253 1749 385 1801 oocupare
402 1732 470 1801 quid
486 1749 625 1786 moramur
641 1734 723 1788 alite‘l

101 1807 157 1862 Sed
170 1807 296 1876 juremus
312 1809 340 1862 in
358 1808 440 1862 haee:
461 1808 546 1861 Simul
564 1808 625 1861 imis
643 1826 707 1863 saxa
720 1810 841 1865 renarint
936 1833 964 1872 2⁵

135 1884 221 1937 Vadis
239 1884 335 1952 lerata,
353 1900 387 1937 ne
404 1882 495 1937 redire
514 1884 550 1936 sit
567 1884 660 1947 nefas3

100 1959 163 2014 Neu
180 1975 309 2013 conversa
326 1958 436 2011 domum
453 1958 548 2027 pigeat
565 1957 631 2012 dare
648 1959 739 2027 lintea,
756 1960 869 2028 quaudo

134 2035 225 2089 Padus
244 2034 350 2088 Matina
367 2034 463 2086 laverit
481 2034 627 2101 cacumina,

98 2109 132 2163 In
150 2126 224 2164 mare
243 2127 291 2163 seu
308 2109 395 2162 celsus
412 2108 577 2177 proemrerit
596 2109 762 2179 Apenninus,

132 2186 157 2238 N
159 2203 263 2255 ovaque
280 2188 401 2238 monstra
414 2184 539 2251 junxerit
556 2184 669 2238 libidine
933 2212 961 2249 ω

97 2260 185 2314 Mirus
202 2277 285 2326 amor,
298 2259 379 2327 juvet
394 2262 427 2312 nt
442 2258 530 2327 tigres
548 2259 688 2313 subsidere
705 2260 799 2327 oervis,

131 2335 314 2390 Adulteretur
331 2339 360 2388 et
377 2332 501 2387 columba
518 2333 608 2400 miluo,

96 2410 214 2464 (iredula
230 2427 281 2463 nee
297 2426 376 2463 ravos
393 2410 510 2462 timeant
528 2411 652 2462 armenta
670 2408 767 2475 leones,

131 2488 268 2554 Ametque
285 2485 356 2538 salsa
372 2484 440 2537 levis
457 2484 549 2536 hircus
566 2500 692 2551 aequora.

94 2561 171 2614 Haeo
188 2565 217 2615 et
234 2576 304 2629 quae
321 2562 451 2628 poterunt
467 2558 574 2611 reditus
586 2558 749 2612 abscindere
765 2557 862 2613 dulces

128 2638 227 2690 Eamus
245 2636 332 2689 omnis
350 2634 610 2698 exsecratissimae,

91 2711 232 2780 Ant-pars
248 2710 356 2764 indooili
374 2710 469 2762 melior
485 2725 584 2775 grege3
601 2707 689 2762 mollis
706 2711 735 2762 et
752 2724 852 2776 exspes

125 2786 277 2839 lnominata
294 2785 445 2854 perprimat
463 2784 581 2849 eubilia3

93 2858 147 2913 Vos
164 2861 262 2927 quibus
280 2864 323 2912 est
341 2860 427 2911 virtus
444 2857 606 2911 muliebrem
624 2857 711 2911 tollite
728 2858 833 2912 luctans

122 2933 237 2985 Etrusca
254 2940 363 2999 praeter
380 2936 409 2985 et
426 2932 516 2984 volate
534 2932 633 2985 littora

89 3002 146 3059 Noa
163 3011 255 3057 manet
273 3006 395 3058 Oceanus
412 3006 609 3072 eiroumvagus:
630 3022 701 3072 arva,
720 3006 801 3063 beata

126 3078 255 3130 Petamus
272 3094 336 3130 arva
353 3079 452 3131 divites
469 3082 500 3133 ot
516 3080 626 3151 insulas,
