2025 3409
298 89 501 139 CARMINUM
518 89 572 138 ΠΙ.
591 90 629 137 16.

177 172 236 226 Nec
252 170 303 224 flos
319 187 474 241 purpureus
491 186 570 223 rosae
868 182 891 223 ra

211 245 238 298 N
240 262 272 299 ec
289 246 347 314 poti
365 244 484 299 retnlam
502 246 577 299 facee
597 247 675 298 tenus
693 244 760 299 cadi

426 388 506 442 XVI.

179 468 324 525 lucrosam
342 470 456 524 Danaen
473 470 559 525 turris
577 474 661 523 aines

180 544 374 614 Robustaeqne
391 547 464 600 fores
481 550 511 599 et
528 545 640 613 vigilum
657 560 754 598 cunum

180 620 282 675 'histes
301 621 431 675 excubiae
448 621 605 675 munierant
621 619 687 673 satis

214 695 363 749 Nocturnis
380 695 415 749 ab
433 696 573 763 adulteris,

181 770 210 825 si
227 787 280 824 non
299 771 437 825 Acrisium
453 771 566 839 virginis
583 770 695 825 abditae

182 845 330 900 Custodem
347 847 476 915 pavidum
493 846 624 914 ,luppiter
641 852 671 900 et
688 846 783 900 Venus

182 920 325 988 Risissent,
343 923 402 976 fore
420 922 492 975 enim
510 925 601 976 tutum
617 923 671 977 iter
688 925 717 976 et
733 925 831 991 patens

216 997 352 1051 Converso
369 998 398 1050 in
415 998 534 1067 pretium
553 997 612 1050 deo.

183 1072 290 1125 Aurum
308 1090 358 1141 per
375 1072 480 1126 medios
497 1072 538 1125 ire
555 1071 688 1126 satellites

184 1147 220 1201 m
236 1164 414 1217 perrumpere
431 1150 505 1201 amat
524 1164 589 1201 saxa
604 1146 745 1216 potentius
871 1158 893 1199 re

183 1221 246 1276 Ictu
263 1223 406 1277 fulmineo:
424 1222 543 1277 concidit
560 1223 672 1291 auguris

219 1299 314 1365 Argivi
332 1298 429 1351 domus
446 1298 482 1351 ob
499 1298 604 1352 lucrum

185 1372 317 1427 Demersa
335 1374 433 1439 exitio;
451 1373 552 1427 diffidit
568 1374 677 1427 urbium

184 1448 282 1503 Portas
299 1448 341 1502 vir
358 1449 474 1503 Macedo
492 1453 522 1503 et
540 1449 647 1502 submit
663 1448 782 1503 aemulos

185 1522 275 1591 Reges
292 1524 463 1590 muneribns3
480 1541 594 1578 munera
611 1524 719 1577 narium
875 1538 896 1577 ιε

219 1599 320 1653 Saevos
337 1600 486 1668 illaqueant
503 1600 593 1654 duces

186 1674 360 1729 Crescentem
379 1676 502 1746 sequitur
520 1692 585 1730 cura
602 1676 744 1746 pecuniam

185 1750 377 1820 Majorumque
397 1753 490 1805 sames.
525 1752 595 1805 Jure
611 1751 754 1820 perhorrui

185 1824 254 1880 Late
272 1828 445 1896 conspicuum
462 1827 560 1880 tollere
577 1826 715 1893 verticem,

220 1902 370 1968 Maecenas
388 1901 513 1970 equitum
531 1902 621 1955 decus.
873 1915 896 1953 ao

186 1975 294 2041 Quanto
313 1978 428 2046 quisque
447 1977 499 2031 sibi
516 1977 596 2045 plura
611 1978 760 2045 negaverit,

187 2051 232 2107 Ab
249 2052 293 2106 dis
309 2053 388 2121 plura
405 2053 491 2107 leret:
510 2053 548 2106 nil
566 2053 735 2122 cupientium

186 2128 283 2182 Nudus
302 2132 391 2183 castra
407 2132 472 2197 peto
490 2132 520 2182 et
537 2128 679 2196 transfuga
696 2129 812 2181 divitum

220 2203 318 2257 Partes
334 2204 458 2272 linquere
475 2204 572 2271 gestio,

186 2277 366 2349 Contemptus
383 2280 508 2333 dominus
526 2278 692 2348 splendidior
709 2285 759 2344 rci;

186 2352 273 2418 Quam
292 2355 315 2407 si
333 2354 467 2425 quidquid
485 2360 546 2409 arat
562 2355 678 2423 impiger
696 2354 803 2421 Apulus

186 2427 332 2483 Occultare
349 2430 417 2483 meis
435 2429 541 2483 dicerer
558 2428 671 2496 horreis,

220 2504 334 2573 Magrus
351 2504 424 2558 inter
442 2521 507 2574 opes
525 2505 611 2573 inops.

187 2578 277 2633 Purae
295 2580 369 2633 rivus
386 2596 474 2650 aquae
493 2580 614 2649 silvaque
629 2578 759 2648 jugerum

188 2653 340 2709 Paucorum
359 2660 388 2709 et
405 2656 507 2724 segetis
525 2661 602 2709 certa
618 2654 688 2708 fides
704 2669 782 2708 meae
873 2667 895 2706 su

186 2728 348 2799 Fulgentcm
365 2731 480 2799 imperio
497 2731 595 2784 fertilis
613 2730 725 2783 Africae

220 2805 304 2860 Fallit
321 2810 395 2860 sorte
412 2806 527 2859 beatior,

185 2880 355 2949 Quamquam
372 2898 422 2934 nee
440 2880 573 2934 Calabrae
590 2880 672 2934 mella
688 2879 780 2932 serunt
797 2893 861 2946 apes

90 3024 92 3029 Ι
186 2955 245 3010 h'ec
263 2956 455 3024 Laestrygonia
474 2956 597 3009 Bacchus
614 2956 642 3007 in
659 2953 789 3022 amphora

187 3029 351 3099 languescit
367 3030 434 3083 mihi
452 3045 501 3083 nce
518 3029 629 3097 pinguia
647 3028 757 3080 Gallicis
872 3040 896 3079 aa

221 3105 356 3162 Crescunt
372 3103 474 3157 vellera
491 3104 603 3169 pascuis,
