2025 3409
378 48 594 99 SATIRARUM
611 51 633 99 I.
652 52 676 100 2.
907 53 952 101 lou

49 124 179 181 Huic
196 129 220 197 si
236 127 356 180 mutonis
373 128 464 180 verbis
480 128 552 181 mala
569 132 647 181 tanta
664 128 782 181 videntis

50 202 217 254 Diceret
228 201 295 255 haec
306 203 425 256 animus:
439 204 454 230 ‘⁴
463 202 535 266 Quid
547 204 588 256 vis
599 203 670 257 tibil
686 203 819 271 numquid
831 220 882 271 ogo
894 220 910 257 a
922 206 951 256 te

56 277 207 342 Mngno
222 281 386 344 prognatum
404 278 520 345 deposco
538 279 646 331 consule
663 294 781 331 cunnum
929 294 953 333 rs

58 350 289 419 velatumque
306 352 376 405 stola
392 369 454 405 mea
470 369 532 405 cum
550 353 701 406 conferbuit
718 354 793 407 iral”

65 425 178 489 Quid
195 426 392 493 responderet?
428 428 553 494 “Magno
570 432 649 495 patre
666 432 731 481 nata
747 428 837 495 puella
854 428 916 481 est.”

70 503 145 555 Aa
162 506 266 569 quanto
282 502 394 555 meliora
411 506 504 555 monet
521 504 722 571 pugnantiaque
740 504 800 557 istis

73 575 189 629 Dives
206 577 265 644 opis
282 581 380 630 natura
398 594 470 645 suae,
487 582 520 631 tu
537 580 560 630 si
578 579 659 631 modo
676 582 751 632 recte

74 652 270 719 Dispensare
288 652 354 706 velis
372 669 404 706 ec
420 669 475 705 non
492 654 622 721 fugienda
639 654 768 721 petendis
929 670 952 709 7⁵

79 728 270 785 Immiscere.
305 728 362 780 'l'uo
379 728 446 781 vitio
463 745 590 782 rerumne
609 728 715 782 labores

82 802 151 855 Nil
168 802 272 856 referre
289 805 387 871 putasl
423 804 513 868 Quare
531 820 566 857 ne
583 805 723 871 poeniteat
739 808 768 858 te

87 877 205 930 Desine
223 882 360 931 matronas
377 880 514 947 sectarier,
531 879 605 932 nude
623 880 723 933 laboris

93 952 170 1005 Plus
188 953 298 1006 haurire
315 954 379 1006 mali
396 958 439 1007 est
456 971 539 1023 quam
557 971 592 1007 ex
609 971 639 1007 re
658 955 805 1024 decerpere
822 956 933 1009 fructus.

96 1027 162 1081 ileo
179 1029 267 1096 magis
284 1029 347 1081 huic
363 1029 436 1082 inter
452 1030 545 1081 niveos
563 1029 718 1097 viridesque
736 1030 840 1098 lapillos
927 1046 950 1083 so

101 1103 156 1170 (Sit
164 1104 231 1157 licet
240 1104 298 1170 hoc,
309 1104 447 1171 Cerinthe,
456 1105 544 1169 tuum)
553 1108 677 1157 tenerum
687 1108 729 1157 est
737 1106 825 1157 fomur
834 1109 950 1158 anterus

104 1177 224 1247 Rectius,
242 1182 324 1247 atque
342 1180 425 1232 etiam
443 1178 539 1231 melius
556 1195 688 1247 persaepe
705 1182 814 1247 togatae
832 1184 882 1233 est.

104 1254 186 1307 Adde
204 1254 259 1306 huc
276 1254 349 1322 quod
367 1269 484 1306 mercem
503 1254 561 1306 sine
578 1254 647 1306 fucis
664 1258 762 1321 gestat,
781 1258 875 1324 aperte

103 1329 182 1393 Quod
200 1329 297 1381 venale
315 1326 399 1382 habet
416 1328 545 1393 ostendit,
563 1344 613 1381 noc
631 1328 653 1380 si
672 1329 739 1397 quid
755 1330 860 1383 honesti
879 1335 921 1384 est

101 1404 196 1457 Jactat
214 1403 352 1471 habetque
368 1403 465 1471 palam,
484 1404 663 1472 quaeritque
681 1404 772 1471 turpia
789 1406 866 1458 celet.
926 1420 949 1459 se

102 1479 226 1547 Regibus
243 1479 287 1531 hic
303 1496 362 1531 mos
380 1483 435 1536 est:
452 1478 500 1531 ubi
518 1494 602 1547 equos
621 1483 775 1532 mercantur
793 1484 901 1547 opertos

101 1554 263 1624 inspiciunt,
281 1571 317 1607 ne
334 1554 358 1606 si
375 1554 458 1606 facies
475 1557 508 1606 ut
526 1570 606 1622 saepe
624 1554 722 1607 decora

100 1629 178 1683 Molli
196 1629 267 1682 fulta
284 1628 356 1697 pede
373 1633 417 1681 est
434 1633 585 1696 emptorem
602 1629 715 1682 inducat
732 1629 860 1695 hiantem,

100 1704 182 1770 Quod
200 1704 328 1772 pulchrae
345 1704 444 1770 clunes,
456 1703 541 1756 breve
559 1705 632 1771 quod
651 1708 739 1772 caput,
751 1705 837 1758 ardua
850 1705 948 1759 cervix.

99 1779 163 1834 Hoc
181 1780 221 1833 illi
239 1783 330 1833 recte:
347 1796 381 1832 ne
399 1779 518 1847 corporis
537 1778 639 1845 optima
658 1778 755 1845 Lyncei
925 1795 948 1833 so

100 1855 294 1923 Contemplcre
311 1854 403 1921 oculis,
421 1854 548 1921 Hypsaea
565 1854 669 1907 caecior
686 1854 733 1907 illa

100 1931 178 1994 Quae
195 1930 268 1982 mala
284 1934 348 1983 sunt
366 1933 478 1997 spectes.
515 1928 537 1981 O
556 1932 631 1982 crus!
651 1945 667 1982 o
685 1928 807 1983 brachiu!
844 1929 949 1983 Verum

100 2006 234 2075 Depugis,
251 2008 356 2072 nasuta,
373 2003 450 2057 brevi
466 2004 554 2057 latere
573 2020 604 2058 ac
621 2004 692 2072 pede
710 2004 790 2072 longo
808 2008 856 2060 est

100 2080 243 2135 Matronae
261 2085 371 2148 praeter
386 2080 483 2132 faciem
500 2080 539 2131 nil
556 2094 667 2133 cernere
683 2080 777 2148 possis,

101 2156 209 2223 Cetera,
226 2156 255 2208 ni
273 2155 352 2207 Catia
369 2159 419 2220 est,
437 2154 554 2207 demissa
571 2157 647 2207 vesto
665 2156 791 2222 tegentis.
926 2172 950 2211 ⁹⁵

100 2230 129 2285 si
146 2231 295 2284 interdicta
311 2234 397 2299 petes,
415 2230 483 2283 vallo
501 2230 668 2283 circumdata
686 2247 757 2297 unam
776 2235 805 2284 te

100 2306 164 2359 Hoc
179 2306 246 2360 facit
263 2306 403 2371 insanum),
421 2305 523 2358 multae
540 2302 592 2358 tibi
609 2308 668 2358 tum
686 2306 804 2359 officient
820 2322 873 2370 res,

100 2381 244 2449 Custodes,
261 2381 365 2449 lection,
381 2380 526 2447 ciniflones
544 2382 686 2447 paradise,

100 2457 149 2510 Ad
166 2456 237 2510 talos
255 2456 324 2509 stola
341 2456 458 2509 demissa
475 2461 503 2509 et
521 2455 687 2509 circumdata
704 2457 783 2525 palla,

100 2531 224 2585 Plurima
241 2548 311 2599 quac
328 2531 468 2584 invideant
486 2548 554 2599 pure
572 2547 704 2600 apparere
721 2534 773 2585 tibi
791 2550 857 2587 rem.
917 2548 948 2585 uo

101 2608 201 2661 Altera
218 2608 256 2659 nil
274 2606 382 2661 obstat:
400 2606 462 2660 (lois
480 2606 532 2659 tibi
550 2622 636 2673 paene
653 2608 745 2661 videre
764 2613 807 2662 cst

99 2682 142 2753 llt
158 2681 268 2752 nudam,
286 2700 321 2735 ne
338 2699 416 2735 crure
434 2682 511 2749 malo,
530 2698 564 2734 ne
582 2682 618 2746 sit
635 2682 707 2750 pede
724 2684 814 2751 turpi3

99 2756 197 2817 Metiri
213 2758 301 2826 possis
317 2758 393 2811 oculo
411 2758 490 2811 latus.
526 2757 572 2815 An
588 2756 640 2809 tibi
657 2758 742 2811 mavis

9 2835 12 2840 '
100 2832 221 2885 Insidias
238 2832 298 2886 fieri
314 2833 488 2903 pretiumque
505 2832 616 2885 avellier
632 2836 697 2887 ante

100 2906 189 2971 Quam
206 2924 324 2962 mercem
341 2908 464 2960 ostendii
489 2907 642 2973 “Leporem
660 2913 773 2962 venator
788 2913 820 2962 ut
835 2910 891 2963 alta
914 2924 947 2965 ns

95 2979 136 3036 'ln
153 2983 215 3036 nive
233 2986 360 3047 sectetur,
377 2982 495 3047 positum
514 2982 551 3033 sio
569 2984 682 3047 tangere
699 2983 789 3049 nolit,''

102 3058 202 3111 (sumt
218 3067 248 3112 ct
264 3059 389 3127 apponit:
407 3056 506 3108 “Meus
524 3059 567 3107 ost
584 3072 659 3108 curor
677 3056 739 3109 huic
756 3057 866 3121 sirnilis;
883 3073 946 3110 nam
