2025 3409
8 680 18 929 Ι

7 944 18 1435 l

4 1500 16 2021 l

4 2066 14 2554 l

328 35 583 91 ErlsroLARUM
600 41 638 90 11.
656 43 680 91 2.
889 42 934 93 193

491 184 531 239 11.

83 280 189 347 Frons,
206 279 279 334 bono
297 279 424 348 clamque
440 280 531 333 fidelis
548 280 635 333 amice
653 277 763 346 Neroni,

84 357 113 411 Si
130 356 193 427 quis
211 356 284 409 forte
301 356 369 409 velit
385 372 500 425 puerum
518 355 569 410 tihi
587 355 707 410 vendere
725 359 820 409 natium

84 432 185 486 l‘ihure
203 431 246 486 vel
266 431 366 501 Gabiis,
385 436 414 485 et
431 436 522 485 mcum
540 431 578 485 sic
596 435 672 499 agat:
692 431 767 484 “Hic
785 436 815 484 et

85 508 226 561 (laudidus
243 510 274 561 et
290 507 361 561 talos
376 524 394 561 a
408 508 511 562 vertice
528 507 641 577 pulcher
658 506 694 560 ad
711 507 780 560 imos

85 584 147 637 Fiet
164 583 274 651 eritque
291 587 355 637 tuus
371 598 544 637 nummorum
562 582 680 636 millibus
698 586 767 650 octe,
925 598 936 651 t

85 658 178 711 Verna
194 658 352 712 ministeriis
368 657 406 711 ad
421 662 505 713 nutus
523 662 604 727 aptus
620 658 728 725 heriles,

85 734 229 788 Litterulis
248 734 359 788 Graecis
377 734 506 802 imbutus,
525 735 639 789 idoneus
657 734 711 789 arti

85 810 219 876 Cuilibet;
237 810 334 878 argilla
350 810 460 880 quidvis
476 811 628 875 imitaberis
644 811 716 876 uda;

85 886 156 950 Quin
174 887 258 941 etiam
275 891 356 941 canet
372 886 513 941 indoctum
531 886 581 941 sed
598 887 677 941 dulce
694 884 813 940 bibenti:

85 962 174 1016 Multa
191 963 276 1017 iidem
293 964 426 1032 promissa
442 964 543 1031 levant,
560 962 608 1016 ubi
624 962 730 1032 plenius
747 978 835 1026 eoquo
913 975 933 1013 u

85 1036 193 1092 Laudat
209 1039 318 1093 venales
336 1039 384 1107 qui
401 1039 460 1093 vult
477 1038 625 1093 extrudere
643 1055 754 1093 merces.

84 1112 241 1181 Resurget
257 1131 302 1167 me
318 1115 408 1181 nulla;
424 1110 485 1168 m'eo
503 1131 562 1167 sum
580 1130 683 1183 pauper
700 1115 728 1167 in
746 1130 816 1169 aero.

83 1188 173 1243 Nemo
189 1190 241 1243 hoc
258 1206 421 1258 mangonum
438 1191 541 1244 faceret
557 1190 624 1255 tibi;
641 1207 694 1243 non
712 1194 816 1244 temere
834 1206 850 1243 a
866 1206 911 1245 me

84 1264 178 1329 Quivis
195 1265 282 1319 ferret
298 1265 381 1320 idem.
416 1265 506 1320 Semel
523 1266 568 1319 hic
586 1266 702 1318 cessavit
719 1268 754 1333 et,
773 1272 805 1319 ut
822 1265 862 1333 iit,

84 1339 118 1393 111
137 1340 216 1395 scalis
232 1341 315 1395 latuit
332 1345 456 1395 metuens
473 1341 617 1410 pendentis
634 1340 779 1395 habenae.”
911 1356 932 1395 1⁵

83 1415 142 1470 Des
158 1432 291 1484 nummos,
309 1420 424 1485 excepta
440 1416 507 1469 nihil
525 1420 555 1470 te
573 1416 595 1468 si
612 1416 677 1484 fuga
693 1416 793 1483 laedat,

84 1491 137 1545 Ille
152 1492 225 1547 ferat
241 1493 361 1561 pretium
377 1509 481 1561 poenae
498 1508 616 1559 securus,
634 1493 744 1562 opinor;

83 1566 210 1621 Prudens
228 1568 319 1621 emisti
336 1568 478 1633 vitiosum
495 1568 570 1621 diota
587 1567 639 1622 tibi
657 1572 700 1622 est
716 1568 774 1622 lex:

85 1642 242 1711 insequeris
259 1647 351 1697 tamen
368 1644 439 1697 huno
457 1646 486 1697 et
503 1644 553 1697 lite
570 1644 812 1713 morarieiniqual

82 1716 148 1771 Dixi
165 1735 210 1772 me
227 1719 335 1786 pigrum
352 1718 533 1787 proficiscenti
551 1719 610 1786 tibi,
628 1719 686 1773 dixi
909 1734 932 1772 ao

82 1793 192 1847 Talibus
210 1794 303 1848 officiis
321 1810 405 1863 prope
423 1809 555 1862 mancum,
573 1811 687 1848 nemea
704 1810 799 1849 saevus

81 1867 217 1937 iurgares
233 1870 269 1923 ad
286 1883 315 1924 oe
333 1870 407 1937 quod
424 1870 541 1939 epistola
557 1870 631 1924 nulla
648 1870 760 1924 rediret.

82 1944 157 2008 Quid
174 1949 234 1999 tum
251 1946 354 2015 profeci
371 1963 477 2000 mecum
495 1946 622 2000 facientia
635 1946 701 2015 jura

81 2020 111 2073 si
129 2023 223 2075 minen
242 2023 381 2075 attentasl
418 2021 546 2085 Quereris
564 2039 645 2090 super
662 2022 713 2075 hoo
731 2021 821 2088 etiam,
839 2020 913 2090 quod

81 2095 249 2164 Exspectata
267 2097 317 2150 tibi
335 2114 389 2150 non
406 2098 514 2151 mittam
533 2098 651 2151 carmina
668 2096 798 2151 mendax.
907 2112 930 2151 ao

82 2171 188 2225 Luculli
206 2172 284 2225 miles
301 2172 414 2226 collecta
430 2174 528 2227 viatica
545 2174 639 2227 multis

82 2248 239 2314 Aerumnis,
258 2249 345 2302 lassus
363 2248 429 2301 dum
446 2254 528 2303 noctu
546 2250 647 2314 stertit,
666 2248 702 2302 ad
719 2265 807 2302 assem

81 2323 263 2387 Perdiderat;
278 2329 342 2393 post
359 2324 410 2377 hoe
427 2324 571 2378 uehemens
588 2325 668 2393 lupus
686 2328 715 2378 et
732 2324 785 2378 sibi
802 2326 832 2378 et
849 2322 920 2377 hosti

80 2399 176 2453 Iratus
193 2400 304 2467 pariter,
318 2399 423 2468 jejunis
441 2398 569 2452 dentibus
586 2417 669 2472 acer„

82 2475 254 2530 Praesidium
271 2475 364 2543 regule
381 2474 439 2529 loco
457 2475 567 2543 dejecit,
584 2479 617 2529 ut
633 2476 717 2543 aiunt,
908 2489 930 2529 ro

5 2562 11 2603 t
80 2552 194 2606 Summe
212 2551 317 2604 munito
334 2555 365 2604 et
381 2551 529 2603 multarum
539 2550 632 2605 ¹divite
650 2568 750 2607 rerum.

80 2626 179 2680 Clarus
196 2626 232 2679 ob
250 2624 280 2678 id
296 2626 399 2679 factum
416 2624 495 2678 donis
513 2636 625 2679 ornatur
641 2627 770 2695 honestis,

79 2702 192 2770 Accipit
210 2706 240 2755 et
257 2700 300 2755 bis
317 2701 389 2755 dena
407 2718 489 2770 super
506 2702 634 2756 sestertia
650 2719 798 2756 nummum.

5 2795 6 2846 j
78 2777 167 2831 Forte
184 2777 236 2830 sub
253 2777 303 2831 hoe
320 2780 429 2845 tempus
447 2778 588 2831 castellum
606 2782 729 2833 evertere
745 2781 857 2847 praetor

5 2850 9 2875 ²
78 2853 181 2907 Nescio
199 2854 273 2921 quod
291 2854 402 2922 cupiens
419 2854 523 2907 hortari
540 2856 630 2923 coepit
647 2854 764 2908 eundem

78 2927 183 2982 Verbis
201 2946 271 2997 quae
288 2929 386 2983 timido
404 2946 512 2998 quoque
528 2934 640 2999 possent
656 2929 757 2983 addere
775 2931 891 2983 mentem

5 3051 6 3056 ,
77 3003 123 3072 “Ι,
142 3003 221 3073 bone,
240 3021 294 3073 quo
311 3005 399 3058 virtus
416 3009 465 3059 tua
482 3010 512 3060 te
528 3009 613 3068 vocat,
630 3006 640 3059 i
657 3005 728 3074 pede
745 3006 841 3073 fausto,

78 3079 204 3135 Grandia
221 3079 326 3134 laturus
343 3081 504 3135 meritorum
522 3082 649 3149 praemia.
686 3080 757 3147 Quid
775 3079 868 3136 stos‘l”
