2025 3409
78 58 124 106 150
351 50 502 99 HORA'l'II
519 51 635 102 Fusco

78 136 125 190 Ad
141 134 245 189 caelum
263 130 387 183 inanibus
405 129 519 182 sublatis
536 128 646 193 dixerit,
665 139 740 193 urge,

77 211 251 265 Crescentem
270 206 385 258 tumidis
402 204 466 258 infla
483 201 652 257 sermonibus
670 206 767 255 utrem

77 286 147 339 Cum
163 288 193 337 tc
211 282 323 336 seruitio
341 281 420 349 longo
437 296 556 348 curaque
572 277 678 344 levarit,

78 360 115 414 Et
131 363 236 413 certum
254 358 375 424 vigilans,
394 356 531 420 Quinam
548 370 590 409 srr
607 367 705 406 enanis
722 350 838 417 Unrxrs,
898 365 938 407 loo

78 435 214 502 Audieris,
232 448 338 486 nanis:
356 432 444 499 ‘Ergo
461 447 533 483 nune
552 430 640 485 Dama
658 428 758 481 sodalis

78 512 220 579 Nusquam
232 514 275 562 est
285 511 293 561 l
318 508 400 561 Unde
411 508 477 559 mihi
488 510 547 559 tam
557 505 657 557 fortem
669 507 781 571 tamque
790 502 906 555 fidelem
917 504 937 557 l’

79 586 182 655 Sparge
199 584 323 649 subinde,
342 586 378 651 et,
396 584 418 636 si
435 581 548 651 paulum
564 584 651 649 potes,
669 579 845 632 illacrimare:
865 590 914 632 est

79 662 185 715 Gaudia
201 659 364 729 prodentem
381 658 486 711 vultum
503 656 600 710 celare.
638 654 798 723 Sepulcrum

80 737 245 790 Permissum
263 734 376 788 arbitrio
394 734 452 787 sine
470 732 597 785 sordibus
614 736 727 785 exstrue
736 751 743 795 ;
760 730 843 783 funus
901 746 940 785 ios

79 813 195 880 Egregie
212 812 314 864 sactum
332 809 427 862 laudet
444 808 550 862 vicinia.
585 807 615 861 Si
633 808 695 877 quis

80 888 163 941 Forte
180 886 345 941 coheredum
364 884 454 937 senior
471 884 542 937 malo
559 883 666 949 tussiet,
685 882 748 935 huic
765 884 796 935 tu

79 962 138 1029 Dic,
156 966 286 1030 exparte
304 965 353 1012 tua
370 975 419 1013 seu
435 959 514 1012 fundi
533 958 590 1011 sire
608 958 705 1011 domus
724 958 760 1010 sit

79 1037 200 1106 Emptor‚
217 1036 382 1104 gaudentem
400 1050 511 1087 nummo
529 1038 558 1087 te
576 1032 712 1087 addicere.
748 1032 804 1085 Sed
822 1050 867 1085 mo

80 1113 231 1182 imperiosa
249 1110 335 1165 trahit
353 1109 531 1178 Proserpina3
547 1108 608 1162 vive
626 1108 762 1177 valequc.’'
903 1123 939 1162 no

478 1251 530 1305 Vl.

80 1336 142 1389 Hoo
160 1340 219 1389 emt
235 1335 264 1388 in
281 1334 366 1388 votis:
384 1333 482 1386 modus
499 1332 558 1399 agri
576 1348 630 1384 non
647 1332 687 1385 ita
704 1350 826 1403 magnus,

80 1410 187 1464 Hortus
204 1410 251 1464 ubi
269 1413 299 1463 et
315 1412 391 1463 tecto
409 1408 513 1460 vicinus
525 1407 602 1474 jugis
619 1423 706 1475 aquae
724 1409 783 1461 lons

80 1486 117 1539 Et
133 1486 243 1553 paulum
260 1485 343 1537 silvae
361 1500 444 1551 super
461 1483 504 1535 his
521 1482 610 1544 foret,
636 1484 752 1537 Auctius
771 1488 854 1553 atque

80 1559 117 1613 Di
134 1561 230 1613 melius
246 1560 343 1613 fecere.
378 1558 455 1612 Bene
473 1561 523 1611 est.
558 1558 605 1611 Nil
624 1558 739 1626 amplius
756 1575 812 1625 oro,

80 1635 241 1703 Maiorem,
259 1636 312 1688 nisi
328 1638 361 1688 ut
379 1634 489 1703 propria
505 1634 573 1687 haee
591 1634 657 1687 mihi
677 1649 791 1688 munera
807 1633 885 1687 faxis.
924 1654 940 1690 s

80 1713 216 1779 sineque
234 1710 365 1777 majorem
384 1710 436 1763 feci
453 1710 559 1763 ratione
577 1709 648 1761 mala
666 1726 725 1763 rom

80 1786 106 1840 N
108 1804 139 1840 ec
156 1804 215 1840 sum
232 1786 353 1840 facturus
370 1786 438 1839 vitio
456 1785 567 1852 culpave
585 1785 732 1850 minorem;

80 1863 110 1916 Si
128 1879 242 1916 veneror
259 1862 360 1915 stultus
377 1860 447 1914 nihil
464 1861 574 1914 horum:
594 1859 632 1912 ‘0
651 1861 674 1913 si
691 1860 806 1929 angulus
823 1862 871 1915 ille

81 1937 225 1991 Proximus
242 1936 355 1991 accedat
373 1936 420 2003 qui
439 1952 511 1989 nunc
530 1935 673 1989 denormat
692 1937 826 2003 agellum!

81 2013 105 2065 Ο
124 2014 146 2065 si
163 2030 259 2066 urnam
277 2012 384 2079 argenti
401 2012 457 2064 fors
475 2011 630 2077 quaemihi
648 2015 789 2081 monstret,
801 2018 833 2065 ut
851 2012 892 2064 illi
914 2029 937 2071 ιο

80 2088 217 2147 Thesauro
235 2088 343 2140 invento
362 2088 409 2154 qui
427 2086 611 2139 mercenarius
629 2103 725 2153 agrum

81 2163 162 2216 lllnnr
179 2164 268 2232 ipsum
286 2168 422 2215 mercatus
439 2161 534 2228 aravit,
553 2161 630 2214 dives
647 2162 734 2215 ainrico

81 2239 200 2291 Hercule
211 2240 225 2291 l’
238 2239 260 2290 si
273 2238 347 2307 quod
358 2237 438 2290 adest
449 2241 559 2305 gratum
568 2236 720 2305 juvatione
732 2254 813 2305 prece
827 2241 857 2291 te
869 2256 935 2295 oro:

33 2366 39 2377 ,
81 2314 185 2382 Pingue
203 2331 285 2384 pecus
302 2314 411 2365 domino
428 2312 512 2365 iacias
529 2314 559 2365 et
575 2316 666 2365 cetera
683 2317 794 2380 praeter

81 2389 230 2458 Ingenium,
243 2392 329 2457 utque
347 2388 418 2441 soles
435 2391 527 2440 custos
545 2387 610 2439 mihi
628 2388 760 2440 maximus
778 2387 859 2442 adsis.
914 2406 936 2443 ιε

79 2464 152 2533 Ergo
169 2465 217 2518 ubi
235 2480 279 2517 me
295 2464 324 2516 in
342 2467 448 2516 ruentes
465 2468 494 2515 et
511 2461 540 2514 in
558 2478 647 2515 arcem
665 2479 699 2516 ex
718 2462 787 2515 urbe
806 2465 920 2531 removi,

79 2540 152 2604 Quid
169 2541 244 2609 prius
261 2540 396 2591 illustrem
414 2538 506 2591 satiris
524 2554 655 2606 musaque
671 2537 811 2605 pedestrii

78 2616 104 2669 N
107 2633 138 2670 ee
155 2616 226 2667 ninia
243 2631 287 2667 me
304 2613 418 2667 ambitio
435 2612 528 2681 perdit
545 2628 596 2665 nec
613 2612 757 2679 plumbeus
776 2614 880 2667 Auster

78 2694 305 2756 Auctunmusqne
321 2689 419 2756 gravis,
439 2687 576 2741 Libitinae
594 2692 724 2756 quaestus
742 2688 863 2743 acerbae.

76 2767 213 2823 Matutine
230 2769 317 2833 pater,
336 2781 384 2817 sou
402 2764 473 2816 Jane
491 2762 622 2815 libentius
639 2763 726 2829 audis,
908 2781 935 2819 en

76 2842 158 2893 Unde
176 2841 299 2892 homines
317 2855 429 2905 operum
446 2838 550 2904 primos
567 2838 694 2907 vitaeque
711 2838 819 2893 labores

76 2915 238 2978 Instituunt,
258 2912 296 2963 sic
313 2912 356 2963 dis
373 2912 510 2977 placitum,
528 2915 560 2964 tu
577 2914 704 2965 carminis
722 2919 782 2967 esto

76 2986 251 3053 Principium.
288 2984 390 3037 Romae
408 3002 564 3052 sponsorem
582 3003 627 3039 me
648 2989 728 3057 rapis.
764 2988 824 3059 Epa,

75 3058 118 3112 n'e
136 3062 210 3127 prior
229 3058 314 3111 officio
332 3058 476 3127 quisquam
494 3060 667 3131 respondeat,
685 3079 761 3135 urge.
