2025 3409
80 50 126 97 1⁴30
346 49 502 99 nonam
518 50 648 101 unncel

80 128 125 182 Ad
142 127 262 183 mediam
279 135 386 181 noctem
405 134 549 198 exspecto:
568 148 677 185 somnus
694 134 786 187 tamen
802 134 892 187 aufert

79 203 219 256 lntentum
236 204 346 268 veneri;
364 208 425 257 tum
441 206 583 259 immundo
601 207 704 260 somnia
721 204 782 262 risu

78 278 244 331 Nocturnum
261 282 366 331 vestem
384 280 521 334 maculant
539 286 717 350 ventremque
735 284 867 351 supinum.
902 299 928 339 ss
1005 320 1009 357 4

77 353 213 416 Quattuor
229 353 292 407 hine
307 354 429 423 rapimur
446 356 543 423 viginti
561 361 590 411 et
607 357 692 411 millia
709 358 810 427 rhedis,

76 428 199 481 Mansuri
217 428 346 497 oppidulo
364 430 438 498 quod
455 447 538 484 versu
555 432 647 486 dieere
664 449 718 485 non
736 438 786 500 est,

76 504 164 572 Signis
181 504 310 572 perfacile
327 510 388 560 est:
407 507 483 560 venit
500 506 631 561 vilissima
648 524 741 561 rerum

76 579 130 633 Hie
146 596 235 648 aqua3
252 578 301 633 sed
319 581 396 648 panis
413 581 494 648 longe
512 582 719 651 pulcherrimus,
738 584 811 639 ultra

75 654 196 708 Callidus
212 658 245 709 ut
262 655 349 708 soleat
367 656 487 709 humeris
503 661 614 724 portare
631 658 736 724 viator3
905 676 931 717 sn

75 730 146 783 Nam
165 730 265 784 Canusi
281 731 428 796 lapidosus,
446 748 534 799 aquae
552 749 606 785 non
624 733 708 786 ditior
725 751 795 789 urna

75 806 127 869 Qui
145 807 219 860 loeus
236 822 253 859 a
270 806 334 859 forti
353 806 486 861 Diomede
503 811 547 861 est
564 807 690 862 eonditns
708 809 779 863 olim.
1009 810 1010 869 l

74 880 218 935 Flentibus
235 882 299 935 bine
316 881 417 936 Varius
434 881 552 937 discedit
570 888 689 937 maestus
707 886 809 939 amieis.
1009 880 1010 909 ³

73 956 144 1011 Inde
162 957 257 1010 Rubos
274 958 338 1011 lessi
355 958 536 1025 pervenimus,
554 962 650 1028 utpote
668 960 777 1027 longum

73 1032 224 1102 Carpentes
241 1034 295 1087 iter
313 1036 342 1086 et
359 1033 462 1086 iactum
479 1036 635 1102 corruptius
651 1035 740 1088 imbri.
903 1054 931 1093 ss
1009 1076 1010 1105 ,

76 1107 191 1163 Postera
207 1112 358 1177 tempestas
376 1109 479 1175 melior,
497 1110 543 1162 via
559 1110 638 1178 pejor
655 1110 692 1163 sd
709 1127 797 1180 usque
1009 1108 1010 1117 ³

73 1183 137 1237 Bari
154 1185 262 1238 moenia
278 1184 394 1251 piscosi3
410 1184 476 1238 dein
493 1185 596 1239 Gnatia
614 1186 743 1254 Lymphis

74 1259 156 1313 lratis
173 1264 313 1313 exstructa
331 1259 410 1313 dedit
427 1260 553 1329 risusque
566 1260 704 1330 jocosque,
756 1307 761 1323 ,

72 1333 144 1387 Dum
161 1334 270 1387 flamma
286 1335 345 1388 sine
361 1334 443 1388 thura
460 1335 610 1404 liquescere
627 1337 719 1390 limine
743 1354 820 1391 sacro

72 1410 240 1463 Persuadere
257 1412 339 1478 eupit.
375 1411 477 1464 Credat
494 1412 514 1464 J
517 1411 622 1466 udaeus
642 1413 746 1481 Apella,
891 1430 929 1471 reo

70 1484 95 1536 N
98 1501 133 1537 on
150 1502 217 1553 ego:
241 1486 359 1555 namque
378 1486 445 1539 deos
463 1487 547 1540 didiei
566 1504 691 1541 seeurum
709 1504 791 1554 egere
808 1504 919 1559 aevum,

70 1559 95 1612 N
97 1577 128 1613 ee
145 1560 169 1613 si
186 1560 252 1629 quid
270 1562 332 1613 miri
349 1562 434 1615 fireiat
451 1566 550 1615 natura
568 1563 634 1615 deos
650 1562 681 1617 id

69 1634 173 1689 Tristes
190 1652 224 1689 ex
242 1636 298 1689 alto
315 1638 382 1690 caeli
401 1637 548 1691 demittere
565 1642 645 1693 tecte.

70 1710 248 1765 Brundisium
264 1712 360 1780 longae
377 1712 440 1765 finis
457 1713 622 1791 elrartaeque
639 1713 753 1783 viaeque
771 1721 822 1768 est.

66 1938 219 2007 Nonquia,
238 1939 390 2007 Maecenas,
408 1939 547 2007 Lydorum
565 1937 699 2007 quidquid
718 1938 847 1992 Etmseos

66 2014 184 2067 Ineoluit
201 2016 268 2067 fines
286 2032 366 2068 nemo
383 2015 539 2083 generosior
557 2017 599 2067 est
615 2018 652 2081 te,

65 2090 91 2142 N
93 2106 125 2143 eo
142 2091 216 2158 quod
233 2107 299 2143 erus
318 2090 369 2144 tibi
386 2096 527 2145 maternus
545 2090 598 2143 fuit
615 2093 699 2158 atque
717 2093 848 2158 paternus

65 2164 137 2217 Olim
156 2166 204 2234 qui
221 2166 327 2233 magnis
343 2165 496 2233 legionibus
513 2164 708 2233 imperitarent,

64 2238 104 2293 Ut
121 2241 244 2310 plerique
262 2241 356 2305 solent,
373 2258 438 2295 naso
455 2241 598 2310 suspendis
615 2240 720 2293 aduneo
911 2262 925 2301 5

65 2315 184 2384 Ignotos,
201 2321 234 2371 ut
251 2333 295 2370 me
312 2316 440 2372 libertino
456 2321 537 2386 patre
554 2320 655 2368 natum.

65 2392 132 2444 Cum
150 2392 253 2446 referre
270 2409 354 2459 negas
372 2393 446 2462 quali
463 2393 501 2445 sit
518 2391 633 2459 quisque
651 2392 766 2457 parente
848 2390 852 2405 ¹

64 2466 153 2520 Natus
172 2468 238 2521 dum
255 2469 396 2536 ingenuus,
415 2468 564 2537 persuades
582 2467 632 2519 hoe
650 2466 701 2520 tibi
719 2482 791 2530 vere,

66 2545 140 2596 Ante
157 2547 322 2611 potestatem
341 2542 411 2596 Tulli
429 2547 512 2610 atque
529 2541 647 2609 ignobile
664 2557 778 2609 regnum

64 2615 165 2671 Multos
183 2635 266 2688 saepe
283 2620 355 2672 viros
372 2618 455 2671 nullis
471 2616 622 2683 majoribus
643 2619 717 2669 ortos
905 2639 924 2677 n

63 2691 99 2745 Et
118 2693 217 2747 vixisse
233 2693 334 2761 probos
351 2694 448 2760 amplis
466 2697 496 2745 et
513 2691 659 2745 honoribus
677 2693 788 2755 ariet0s3
953 2690 957 2695 ’

62 2766 163 2821 Contra
181 2768 337 2836 Laevinum,
358 2767 450 2820 Valeri
468 2783 554 2833 genus
572 2766 645 2819 unde
663 2763 795 2833 superbus

62 2840 222 2909 Tarquinius
240 2860 323 2909 regno
342 2844 435 2909 pulsus
453 2843 530 2908 fugit,
549 2842 628 2893 unius
646 2842 714 2893 assis

62 2915 123 2965 Non
140 2932 261 2982 unquam
277 2918 368 2982 pretio
386 2917 470 2982 pluris
488 2916 604 2981 licuisse,
623 2918 737 2967 notante

62 2986 160 3039 dudiee
178 3004 232 3054 quo
249 2989 321 3039 nosti
339 2990 445 3054 populo,
464 2989 511 3054 qui
530 2990 630 3041 stultus
648 2990 763 3043 honores

61 3057 148 3125 Saepe
166 3060 215 3112 dat
231 3060 349 3126 indignis
365 3065 395 3113 et
410 3062 500 3113 famae
518 3063 602 3116 servit
619 3065 736 3134 ineptus,
