2025 3409
355 82 611 133 EPISTOLARUM
627 82 650 131 Ι.
668 82 694 133 7.
892 80 937 129 169

86 163 222 229 Sti-onnus
239 166 270 218 et
285 162 365 217 fortis
382 164 524 231 musisque
543 163 686 231 Philippus
702 160 816 230 agendis

86 239 183 293 Clarus
201 238 237 292 ab
254 238 347 292 officiis
365 242 487 292 octavam
504 239 613 292 circiter
630 237 724 291 horam

86 313 159 367 Dum
177 313 260 380 redit
278 318 361 382 atque
380 314 451 367 Foro
469 314 583 367 nimium
601 312 703 366 distare
723 310 835 366 Carinas

85 389 149 442 Jam
167 388 280 457 grandis
298 393 365 443 natu
382 389 515 457 queritur,
533 389 718 475 conspesitu
699 387 834 451 utaiunt,

85 464 226 518 Adrasum
244 464 382 533 quendam
399 479 485 518 vacua
496 464 638 520 tonsoris
630 480 659 517 ιιι
680 462 807 517 umbra
914 474 939 516 so

85 539 204 594 entello
221 540 345 608 proprios
362 543 524 608 purgantem
541 539 640 593 leniter
657 554 771 606 ungues.

13 610 18 622 '
84 614 363 683 “Demetri,”-puer
380 614 493 668 hicnon
512 614 589 668 laeve
601 613 681 682 jussa
699 613 818 682 Philippi

85 689 357 759 decipiebat—“abi
375 705 477 757 quaere
495 694 525 744 et
541 689 622 754 refer,
640 688 714 743 unda
731 688 820 753 domo,
839 687 907 757 quis,

84 764 173 832 (lujns
189 765 323 830 fortunae,
341 781 396 833 quo
414 765 450 819 sit
467 770 547 833 patre
565 782 653 833 quove
671 763 807 831 patrono.’'

85 840 122 907 It,
140 839 215 894 redit
232 844 262 894 et
278 845 379 908 narrat,
397 840 536 894 Volteium
553 840 661 894 nomine
681 840 798 907 Menam,
913 852 937 892 σι

84 914 261 983 Praeconem,
277 916 354 970 tenui
372 932 462 984 censu,
479 916 538 970 sine
555 916 674 983 crimine,
692 919 787 969 notum

83 990 123 1043 ιιι
139 1007 288 1059 properare
305 990 363 1045 loco
381 995 411 1045 et
427 1007 534 1045 cessare
552 993 582 1044 et
599 1007 730 1060 quaerere
748 989 844 1057 etuti,

84 1065 259 1119 Gaudentem
276 1067 422 1135 parvisque
439 1065 577 1119 sodalibus
595 1070 623 1120 et
641 1067 697 1120 lure
715 1068 789 1119 certo

84 1140 122 1193 nt
139 1140 214 1194 ludis
231 1144 261 1195 et
277 1144 341 1209 post
357 1141 449 1195 decisa
466 1143 577 1208 negotia
595 1141 704 1208 Campo.

84 1215 209 1270 “Scituri
226 1215 296 1270 libet
312 1233 347 1270 ex
363 1216 423 1285 ipso
440 1216 621 1285 quodcunque
638 1212 739 1280 reiers;
757 1215 801 1269 die
913 1228 937 1267 so

85 1290 133 1344 Ad
151 1307 265 1345 coenam
281 1292 394 1345 veniat.”
432 1292 458 1344 N
459 1308 494 1345 on
512 1308 577 1345 sane
594 1291 707 1345 credere
725 1288 812 1360 Mena,

83 1365 181 1419 Mirari
200 1382 291 1419 aecum
308 1367 415 1420 tacitus.
451 1366 524 1430 Quid
541 1366 647 1420 multal
683 1367 854 1433 “Benigne’'

83 1440 255 1509 Respondet.
278 1442 294 1469 “
302 1442 328 1494 N
329 1447 393 1509 eget
404 1442 451 1495 ille
462 1442 530 1495 mihi
540 1442 564 1496 l'’
589 1442 703 1510 “Negat
714 1441 854 1509 improbus
866 1445 895 1495 et
906 1446 935 1493 te

83 1516 210 1585 Negligit
226 1519 275 1569 aut
291 1516 407 1570 horret.”
442 1517 580 1571 Volteium
598 1533 678 1571 mane
698 1516 839 1585 Philippus

82 1590 160 1645 Vilia
176 1591 342 1645 vendentem
359 1591 481 1646 tunicato
498 1609 590 1647 scruta
606 1592 713 1661 popello
912 1606 937 1647 ιι

83 1665 209 1735 Occupat
226 1670 256 1721 et
273 1668 377 1721 salvere
391 1667 474 1735 jubet
490 1668 572 1737 prior.
609 1668 660 1721 Ille
679 1668 802 1736 Philippo

7 1749 11 1760 '
83 1741 224 1795 Excusare
240 1742 361 1796 laborem
379 1746 409 1797 et
425 1744 592 1797 mercenaria
609 1744 703 1811 vincla,

83 1816 166 1881 Quod
183 1833 236 1870 non
255 1834 334 1871 mane
352 1819 462 1871 domum
480 1819 609 1884 venisset,
628 1818 748 1887 denique
767 1820 841 1887 quod
860 1836 913 1873 non

88 1892 258 1946 Providisset
275 1910 345 1947 enm.
379 1893 446 1947 “Sic
462 1894 597 1961 ignovisse
614 1898 710 1961 putato

81 1966 131 2020 Me
143 1967 196 2021 tibi
207 1968 231 2020 si
242 1984 340 2022 coenas
350 1968 433 2022 hodie
444 1969 572 2023 meeum.'’
603 1969 668 2023 “Ut
679 1969 770 2023 libet'’
799 1970 894 2037 “l-lngo
912 1985 935 2024 ιι

84 2042 152 2097 Post
168 2059 267 2097 nonam
284 2045 392 2110 venies3
410 2061 480 2098 nunc
496 2044 515 2111 i
533 2061 593 2098 rem
611 2049 737 2099 strennus
754 2061 808 2112 aug
790 2046 846 2099 σι’

83 2118 125 2170 Ut
141 2124 254 2173 ventum
271 2120 308 2173 ad
327 2136 438 2174 coenam
456 2124 508 2185 est,
527 2119 644 2174 dicenda
660 2120 777 2174 tacenda
794 2121 895 2176 locutus

83 2191 206 2247 'landem
223 2193 371 2248 dormitum
388 2195 545 2249 dimittitur.
581 2196 635 2249 Hic
651 2195 698 2249 ubi
716 2212 797 2265 saepe

6 2303 10 2348 l
84 2268 229 2335 Occultum
247 2270 320 2323 visus
338 2270 485 2324 decurrere
503 2270 585 2339 piscis
603 2270 639 2323 ad
657 2271 767 2325 hamum

83 2343 166 2397 Mane
183 2344 269 2399 cliens
286 2344 341 2399 et
329 2362 388 2412 Jam
406 2349 497 2399 certus
516 2346 635 2412 conviva,
648 2346 727 2412 jubel
729 2362 762 2399 nr
912 2360 935 2403 ιι

84 2417 160 2473 Rara
177 2420 334 2474 suburbana
352 2420 463 2474 indictis
480 2437 571 2474 comes
588 2422 629 2475 ire
648 2421 758 2475 Latinis.

84 2494 234 2563 Impositus
252 2496 356 2549 mannis
373 2512 468 2549 arvum
486 2496 645 2566 caelumque
663 2497 792 2551 Sabinum

6 2571 7 2576 ’
83 2568 146 2623 Νοιι
164 2574 254 2624 cessat
271 2570 391 2625 laudare.
426 2570 513 2625 Videt
531 2571 659 2658 ridetque
678 2572 824 2640 Philippus,

83 2644 122 2699 ιιι
138 2645 192 2699 sibi
210 2646 276 2699 dum
293 2646 423 2714 requiem,
442 2646 507 2699 dum
526 2647 597 2699 risus
614 2647 734 2717 undique
752 2646 889 2720 quaerit,

83 2718 157 2774 Dum
174 2726 281 2788 septem
299 2722 383 2776 donat
401 2723 535 2789 sestertia,
554 2726 649 2777 mutua
666 2726 772 2791 septem
910 2738 933 2776 ιο

6 2813 8 2840 ι
83 2794 232 2864 Promittit‚
249 2798 397 2865 persuadet
415 2798 457 2850 uti
474 2801 611 2852 mercetur
628 2814 662 2865 ag
645 2798 752 2851 trellum.

83 2865 229 2926 Mereatur.
264 2872 308 2925 Ne
325 2876 354 2925 te
372 2872 459 2940 longis
477 2873 636 2940 ambagibus
653 2872 726 2925 ultra

82 2944 170 3009 Quam
187 2946 256 3001 satis
273 2951 317 3001 est
334 2964 431 3014 morer,
449 2965 484 3002 ex
500 2948 589 3001 nitido
606 2948 639 3002 fit
655 2948 773 3001 rusticus
791 2951 872 3017 atque

77 3018 177 3075 ·Snlcos
194 3025 225 3075 et
242 3022 334 3075 vineta
351 3028 445 3090 crepat
462 3038 553 3088 mera3
571 3026 716 3091 praeparat
733 3021 828 3089 ulmos,

83 3094 243 3152 [inmoritur
261 3098 360 3153 studiis
377 3104 407 3152 et
425 3113 517 3151 amore
533 3098 650 3151 senescit
667 3096 794 3151 habendi.
907 3111 931 3151 ιι

928 3283 990 3317 A
