2025 3409
364 62 580 111 SATIRARUM
598 62 635 111 ΙΙ.
655 64 676 110 3.
899 59 943 106 139

87 137 128 193 Ni
147 139 186 195 sic
203 141 335 196 fecissent
355 141 539 209 gladiatorum
557 141 625 195 dare
642 144 750 195 centnm
918 162 943 200 35

88 214 221 269 llamnati
238 218 341 286 populo
358 219 435 287 paria
452 223 537 286 atque
554 218 665 286 epulum
682 216 796 270 arbitrio
815 216 888 283 Arri,

87 289 234 345 Frumenti
253 298 384 361 quantum
404 294 485 347 metit
504 294 607 347 Africa.
642 293 705 347 Sive
723 309 774 359 ego
792 308 876 359 prave

87 367 144 421 Seu
162 371 240 421 recte
257 368 310 422 hoc
327 368 408 436 volui,
425 386 461 423 ue
478 369 517 422 sis
533 371 648 437 patruus
665 370 739 421 mihi.
775 367 864 420 Credo

87 442 151 497 Hoc
170 443 281 498 Staberi
298 446 465 513 prudentem
482 446 603 498 animum
621 444 728 497 vidisse.
765 443 839 506 Quid
856 460 921 511 crgo

1 572 3 582 ,
87 518 180 572 Sensit
199 536 261 572 cum
279 536 414 573 summam
431 520 579 589 patrimoni
597 519 751 587 insculpere
770 534 835 571 saxo
920 534 944 573 aa

87 593 219 647 Heredes
236 594 343 649 voluitl
380 595 477 658 Quoad
494 596 564 649 vixit
582 594 700 649 credidit
717 594 814 661 ingens

88 667 254 737 Pauperiem
272 670 369 724 vitium
387 675 416 724 et
433 670 506 724 cavit
523 671 589 724 nilril
608 670 703 736 acrius,
720 674 753 722 ut
771 668 795 721 si

86 743 173 799 Forte
190 746 281 799 minus
299 746 418 814 locuples
435 764 490 799 uno
507 747 660 815 quadrante
678 745 795 813 perisset

86 818 153 885 lpse
170 820 315 874 rideretur
332 822 385 875 sibi
402 822 531 891 nequior:
549 822 636 874 omnis
654 822 725 875 enim
743 836 795 886 res,

86 895 194 962 Virtus,
212 897 292 965 fama,
309 898 400 964 decus,
420 898 514 951 divina
530 898 703 965 humanaque
720 893 839 964 pulchris
920 908 944 948 ss

85 971 199 1025 Divitiis
216 978 329 1041 parent;
348 990 416 1042 quas
434 974 482 1042 qui
500 973 683 1027 construxerit
701 972 748 1025 illc

84 1048 185 1101 Clarus
206 1048 267 1115 crit,
280 1048 367 1114 fortis,
381 1049 482 1117 justus.
518 1048 685 1117 Sapiensnol
721 1046 819 1113 Iltiam,
841 1051 869 1102 et
884 1062 941 1112 rex,

84 1123 122 1177 Et
141 1122 279 1191 quidquid
297 1125 377 1178 volet.
413 1125 475 1177 Hoc
493 1124 578 1177 veluti
596 1124 700 1176 virtute
718 1127 842 1190 paratum

83 1198 214 1267 Speravit
231 1216 346 1267 magnae
363 1200 438 1253 laudi
456 1200 522 1253 fore.
558 1198 647 1263 ‘Quid
664 1198 751 1251 simile
769 1198 815 1249 isti

82 1276 210 1328 Graecus
229 1275 408 1343 Aristippusl
426 1276 474 1343 qui
492 1292 584 1329 servos
601 1274 735 1342 projicere
753 1288 848 1325 aurum
910 1287 941 1325 rm

82 1351 121 1403 Iu
139 1350 233 1404 media
247 1350 332 1418 jussit
350 1351 444 1419 Libya,
462 1352 526 1418 quia
543 1350 650 1403 tardius
667 1350 740 1406 irent

82 1426 206 1495 Propter
223 1443 292 1479 onus
310 1443 414 1493 segnes.
449 1428 522 1481 Uter
539 1430 582 1480 est
599 1425 718 1479 insanior
734 1424 830 1476 horum
841 1422 858 1477 l'

68 1498 133 1554 'Nil
152 1502 210 1569 agIt
228 1502 394 1571 exemplum,
412 1502 489 1556 litem
507 1502 582 1571 quod
599 1502 648 1555 lito
665 1500 784 1553 resolvit.

80 1577 114 1631 Si
133 1578 196 1646 quis
214 1582 290 1631 emat
307 1578 434 1645 citharas,
452 1583 559 1646 emptas
576 1580 727 1645 comportet
745 1576 773 1628 in
791 1591 881 1643 unum,

79 1654 147 1707 Nec
165 1653 257 1707 studio
275 1654 396 1707 citharae
414 1670 464 1707 nec
483 1654 579 1707 Musae
596 1653 708 1706 deditus
725 1652 773 1704 ulli
784 1672 802 1717 3·
907 1666 939 1705 los

80 1729 115 1782 Si
134 1729 241 1798 scalpra
259 1734 289 1784 et
305 1729 406 1783 formas
423 1746 477 1783 non
496 1734 580 1797 sutor,
597 1729 706 1781 nautica
724 1728 784 1780 vela

80 1807 210 1859 Aversus
228 1806 406 1859 mercaturis:
425 1806 529 1858 delirus
547 1809 576 1859 et
593 1821 687 1858 sinens

79 1880 217 1950 Undique
236 1881 344 1935 dicatum
361 1880 467 1935 merito'.
503 1881 555 1945 Qui
574 1880 711 1948 discrepat
728 1878 789 1931 istis

79 1957 140 2020 Qui
159 1973 284 2010 nummos
301 1973 453 2026 aurumque
470 1956 726 2025 recondit,ncscius
744 1954 785 2007 uti

79 2032 258 2101 Compositis,
276 2036 456 2101 metuensque
474 2033 550 2085 velut
567 2032 721 2099 contingere
740 2031 865 2084 sacruml
904 2044 937 2083 110

78 2108 114 2162 Si
133 2109 196 2177 quis
213 2109 250 2162 ad
267 2108 407 2176 ingentem
424 2108 555 2161 frumenti
573 2125 680 2177 semper
697 2124 823 2161 acervum

79 2186 233 2238 Porrectus
250 2184 346 2251 vigilet
363 2201 425 2238 cum
442 2184 522 2251 longo
540 2183 619 2251 fuste,
636 2200 726 2253 neque
745 2184 819 2237 illinc

78 2260 199 2313 Audeat
216 2262 339 2314 esuriens
356 2260 483 2314 dominus
500 2260 658 2327 contingere
676 2276 798 2326 granum,

78 2337 128 2389 Ac
146 2336 238 2404 potius
255 2336 326 2388 foliis
344 2352 442 2405 parcus
459 2339 584 2388 vescatur
601 2336 714 2400 arrraris3

78 2412 114 2465 Si
131 2412 229 2479 positis
246 2412 322 2465 intus
341 2412 401 2465 Chii
418 2411 573 2479 veterisque
592 2411 701 2464 Falerni
903 2425 935 2463 ns

78 2486 164 2540 Mille
181 2487 359 2540 mdis-nihil
378 2490 428 2553 est,
444 2490 598 2540 tercentum
616 2486 832 2539 millibus—acre

79 2562 170 2615 Potet
186 2565 309 2628 acetum;
327 2579 385 2630 age,
403 2564 427 2615 si
445 2566 475 2615 et
492 2562 650 2615 stramentis
667 2562 786 2631 incubet,
803 2561 888 2615 unde-

78 2637 232 2704 Octoginta
249 2654 333 2691 annos
350 2642 438 2705 natrrs,
457 2639 500 2691 cui
520 2637 640 2705 stragula
650 2638 746 2702 'vestis

78 2714 240 2767 Blattarnm
258 2730 289 2767 ac
307 2714 441 2768 tinearum
459 2714 562 2782 epulae,
581 2717 720 2783 putrescat
736 2715 765 2766 in
783 2730 857 2767 arca:
939 2718 942 2759 Ι

77 2788 223 2843 Nimirum
239 2788 350 2843 insanus
367 2790 460 2858 paucis
478 2790 611 2856 videatur,
629 2806 663 2843 eo
680 2790 754 2858 quod
900 2806 933 2845 rra

77 2863 206 2918 Maxima
222 2882 287 2933 pars
305 2866 444 2919 hominum
461 2865 556 2918 morbo
570 2865 692 2932 jactatur
710 2865 814 2919 eodem.

77 2940 170 2996 Filius
186 2944 235 2996 aut
252 2942 336 2995 etiam
354 2942 421 2996 haec
438 2942 554 2995 libertus
572 2944 603 2995 ut
620 2942 713 2996 ebibat
730 2942 817 3008 heras,

77 3019 132 3073 Dis
152 3015 261 3069 inimice
279 3033 370 3084 senex,
388 3017 527 3073 custodisl
564 3016 607 3069 Ne
624 3018 676 3071 tibi
694 3018 786 3071 desitl

78 3092 252 3215 Quaqtulum
270 3092 343 3146 enim
362 3108 482 3145 summac
500 3091 619 3144 curtabit
637 3092 751 3161 quisque
770 3093 882 3156 dicrum,

164 3171 179 3216 2
