2025 3409
340 49 595 113 Eplsronnnum
612 50 635 99 I.
656 50 692 98 lo.
902 48 945 99 171

88 130 185 185 Multa
202 130 315 199 quidem
332 129 391 183 dixi
408 146 458 183 cur
475 136 619 183 excusatus
637 130 757 194 abirem3

7 267 8 276 ,
89 207 151 261 Sed
168 206 249 259 timui
266 222 328 259 mea
345 222 380 258 ne
398 206 509 259 finxisse
526 206 632 259 minora
652 209 771 273 putarer,

7 281 8 292 ²
90 282 288 335 Dissimulator
305 282 365 349 opis
381 281 515 349 propriae,
533 281 600 333 mihi
618 280 774 335 commodus
791 281 845 334 uni.

7 390 8 416 l
89 358 139 411 Sic
157 374 210 425 ego
226 357 339 426 majoris
355 356 463 425 fugiens
480 356 626 425 opprobria
643 356 738 425 culpae
925 370 946 409 11

7 445 8 470 ²
90 432 206 487 Frontis
223 433 259 486 ad
275 432 398 486 urbanae
415 432 545 486 descendi
562 433 689 500 praemia.
725 430 828 495 Quodsi

90 508 257 577 Depositum
275 508 371 562 laudas
388 508 423 562 ob
440 508 519 561 amici
533 508 611 575 jussa
628 507 767 576 pudorem,

90 583 191 638 Scribe
207 584 250 637 tui
266 583 359 652 gregis
376 584 448 638 hunc
464 587 494 637 et
511 584 610 638 fortem
628 583 710 637 credo
727 582 888 651 bonumque.

90 807 186 861 Uarus
204 810 353 861 amatorem
372 807 490 861 Fuscum
508 807 613 861 salvere
626 792 756 875 jubeinus

7 911 8 956 1
91 882 179 936 Ruris
196 887 339 950 amatores,
357 881 408 935 hac
425 883 454 936 in
471 900 502 935 re
520 882 623 937 scilicet
639 899 694 935 una

7 965 8 1032 ᾗ
89 958 215 1011 Multum
233 958 386 1025 dissimiles,
402 958 439 1011 ad
456 961 565 1011 caetera
580 974 668 1026 paene
684 957 807 1025 gemelli;

90 1034 237 1087 Fraternis
255 1034 353 1086 animis
371 1034 506 1101 quidquid
523 1038 606 1102 negat
623 1034 694 1088 alter
711 1038 740 1087 et
757 1033 841 1095 altor3

90 1110 251 1163 Annuimus
268 1109 371 1176 pariter
389 1109 474 1163 retuli
491 1110 604 1179 notique
621 1109 745 1163 columbi.
931 1120 946 1167 ⁵.

89 1186 134 1239 'l'u
152 1185 249 1237 nidum
266 1200 373 1249 serram
391 1201 442 1253 ego
459 1184 540 1238 laudo
558 1185 630 1237 ruris
646 1184 752 1238 amoeni

7 1287 8 1304 1
90 1261 178 1314 Rivos
197 1264 226 1313 et
243 1276 336 1314 musco
354 1259 504 1313 circumlita
522 1276 586 1313 saxa
603 1277 760 1328 nemusque.

7 1373 8 1410 ,
90 1336 168 1399 Quid
186 1334 314 1404 quaeris?
350 1335 421 1388 Viro
439 1339 469 1389 et
485 1352 569 1403 regno
588 1335 666 1389 simul
685 1335 739 1389 ista
755 1334 853 1403 reliqui

90 1412 171 1475 Quae
188 1427 236 1464 vos
253 1410 290 1464 ad
307 1410 412 1464 caelum
429 1410 510 1464 fertis
526 1427 633 1464 rumore
651 1411 782 1465 secundo:

89 1488 189 1555 thue
207 1486 357 1540 sacerdotis
373 1486 505 1554 fugitivus
522 1486 578 1540 liba
595 1503 703 1551 recus0;
922 1501 943 1539 11

91 1563 169 1617 Pane
187 1578 254 1630 egeo
271 1562 331 1630 jam
349 1561 460 1615 mellitis
477 1562 582 1630 potiore
599 1561 737 1631 placentis

7 1679 8 1688 ,
90 1633 196 1693 Vivere
212 1641 327 1691 naturae
344 1637 368 1690 si
385 1638 578 1691 convenienter
595 1641 704 1707 oportet

91 1713 296 1781 Ponendaeque
314 1713 395 1767 domo
413 1712 569 1781 quaerenda
587 1717 630 1765 est
647 1730 710 1767 area
726 1712 850 1781 primum,

89 1789 237 1844 Novistine
254 1790 343 1842 locum
359 1789 494 1857 potiorem
512 1805 576 1842 rure
594 1788 694 1843 beatol

90 1866 145 1919 Est
161 1863 210 1917 ubi
227 1864 290 1933 plus
307 1867 421 1932 tepeant
437 1864 549 1931 hiemes,
567 1862 614 1919 ubi
631 1862 735 1931 gratior
751 1878 815 1915 aura
922 1878 943 1917 15

90 1940 194 1995 Leniat
210 1944 240 1995 et
257 1940 361 1993 rabiem
381 1940 462 1993 (lanis
479 1943 510 1994 et
526 1944 664 1993 momenta
681 1938 787 2005 Leonis,

73 2016 163 2070 ¹(lum
181 2016 265 2069 semel
284 2015 389 2084 accepit
407 2015 497 2069 Solem
514 2015 676 2068 furibundus
693 2014 823 2068 acutum?

91 2092 144 2146 Est
161 2091 209 2145 ubi
228 2092 340 2145 divellat
359 2107 466 2145 somnos
483 2092 572 2144 minus
589 2090 681 2143 invida
697 2092 781 2143 curat

90 2168 223 2221 Deterius
243 2167 350 2235 Libycis
368 2168 424 2221 olet
441 2171 489 2221 aut
507 2167 579 2221 nitet
596 2166 681 2220 herba
698 2165 815 2234 lapillisl

91 2243 191 2297 Purior
207 2242 236 2296 in
254 2243 321 2296 vicis
338 2259 410 2311 aqua
427 2243 518 2297 tendit
536 2258 662 2310 rumpere
679 2241 819 2309 plumbum
918 2259 941 2297 11

91 2319 181 2381 Quam
194 2335 264 2387 quae
276 2335 327 2387 per
337 2335 453 2387 pronum
464 2318 586 2386 trepidat
597 2334 658 2369 cum
670 2333 808 2369 murmure
820 2319 907 2371 rivum
917 2322 926 2372 1

90 2394 201 2462 Nempe
217 2394 291 2448 inter
307 2394 395 2447 varias
412 2394 534 2447 nutritur
552 2393 619 2445 silva
635 2392 779 2458 columnas,

7 2509 8 2512 ,
91 2470 290 2538 Laudaturque
308 2469 404 2522 domus
421 2470 515 2537 longos
533 2484 602 2537 quae
619 2468 750 2536 prospicit
766 2484 851 2535 agros.

90 2546 229 2600 Naturam
248 2544 369 2613 expellas
386 2545 463 2598 furca
480 2548 573 2598 tamen
590 2559 677 2611 usque
694 2548 823 2609 recurret,

91 2621 129 2675 Et
146 2620 220 2674 mala
236 2624 399 2689 perrumpet
415 2620 510 2674 furtim
530 2619 641 2673 fastidia
658 2618 763 2673 victrix,
920 2637 943 2676 15

91 2696 155 2750 Non
173 2696 222 2764 qui
241 2696 351 2749 Sidonio
369 2696 535 2749 contendere
554 2695 665 2748 callidus
683 2699 757 2749 ostro

7 2807 10 2830 ,
90 2771 189 2825 Nescit
208 2771 377 2839 Aquinatem
394 2771 518 2839 potantia
535 2770 637 2825 vellera
653 2771 744 2825 fucum

92 2847 203 2901 Cestius
220 2847 335 2915 accipiet
353 2847 481 2900 damnum
499 2847 664 2915 propiusque
682 2846 816 2912 medullis,

92 2921 180 2987 Quam
198 2921 246 2990 qui
264 2939 317 2975 non
335 2923 438 2990 poterit
455 2939 520 2975 vero
538 2922 706 2989 distinguere
724 2923 828 2977 falsum.

7 3027 8 3036 1
92 2997 180 3063 Quem
198 3014 243 3051 res
261 2998 322 3065 plus
340 2997 423 3049 nimio
441 2998 612 3051 delectavere
631 2998 772 3064 secundae,
917 3014 940 3055 ao

91 3073 218 3197 1111111110
236 3073 370 3139 quatient.
406 3072 435 3125 Si
452 3071 521 3143 quid
537 3072 673 3127 mirabere
689 3089 774 3143 pones
