2025 3409
310 63 455 111 EPODON
472 64 590 122 LIBER,
611 64 648 113 17.
854 62 899 109 loa

114 142 263 211 Neptunus
281 142 337 196 alto
354 143 447 196 tundit
464 143 596 195 hibernus
614 141 678 197 salo.
877 154 901 195 σε

116 218 226 271 Inultus
243 221 277 270 ut
293 220 326 271 tu
344 218 438 270 risoris
457 218 580 283 Cotyttia
734 214 737 220 “

115 292 245 360 Vulgata,
264 310 370 345 morium
387 293 467 346 liberi
486 292 636 360 Cupidinis,

115 368 153 421 Et
172 368 307 437 Esquilini
324 369 447 436 pontifex
465 366 579 421 venefici

117 443 237 511 Impune
255 446 287 496 ut
305 444 410 497 Urbem
428 443 536 496 nomine
553 442 674 510 impleris
692 445 771 497 nieol

115 518 191 581 Quid
208 518 340 586 proderat
358 517 461 572 ditasse
479 518 606 585 Pelignus
624 532 698 584 arrius,

115 594 279 647 Velociusve
297 594 437 647 miscuisse
454 594 591 647 toxicuml
682 590 684 599 ’

115 668 173 722 Sed
190 668 313 721 tardiora
330 670 387 722 iata
404 672 435 723 te
452 669 523 722 votis
540 669 669 721 manent:

115 745 231 811 Ingrata
248 744 348 796 misero
365 744 423 796 vita
440 743 565 796 ducenda
583 747 625 795 est
643 742 671 794 iu
689 741 741 797 hoo

115 818 203 872 Novia
221 822 358 887 utusque
376 822 505 887 suppetas
523 817 668 870 laboribus.

115 894 204 963 Optat
222 894 343 961 quietum
362 894 470 961 Pelopis
487 893 566 945 infidi
583 896 671 961 pater,

114 970 208 1038 Egens
225 969 360 1036 benignae
377 968 507 1021 Tantalus
524 984 633 1035 semper
650 965 715 1036 dapi

115 1044 206 1113 Optat
225 1044 405 1098 Prometheus
423 1042 559 1110 obligatus
577 1043 644 1109 aliti,

116 1120 207 1189 Optat
225 1135 353 1187 supremo
370 1119 502 1172 collocare
521 1119 652 1185 Sispplms

116 1196 151 1250 In
169 1199 263 1248 monte
281 1211 394 1260 saxum;
417 1194 468 1248 sed
484 1197 581 1247 vetant
598 1195 674 1262 loges
692 1195 776 1249 Jom's,

115 1271 202 1324 Voles
220 1270 300 1324 modo
318 1271 381 1324 altis
398 1270 509 1323 desilire
526 1270 656 1329 turribus.

115 1347 203 1401 Modo
220 1363 285 1400 ense
301 1350 398 1413 peetus
416 1346 442 1398 N
445 1345 516 1397 orion
533 1344 684 1411 recludere,

116 1424 287 1490 Frustraque
305 1421 391 1475 vincla
408 1420 514 1489 gutturi
532 1423 626 1473 nectes
643 1423 692 1472 tuo

5 1524 6 1564 3
117 1498 274 1553 Fastidiom
292 1498 381 1551 tristis
398 1496 574 1564 aegrimonia.

4 1587 5 1620 ὲ
115 1572 258 1627 Vectabor
275 1572 395 1626 humeris
412 1577 479 1625 tuno
497 1587 547 1639 ego
564 1567 681 1623 inimicis
700 1584 790 1637 erp-res

4 1673 5 1676 ¹
116 1650 254 1717 Meaeque
271 1652 348 1702 terra
364 1648 445 1701 cedet
461 1646 629 1701 insolentiae.

117 1729 165 1782 An
183 1740 254 1792 quae
272 1740 381 1777 movere
398 1739 491 1777 cereas
509 1722 649 1789 inregines,

116 1801 159 1854 Ut
176 1800 237 1868 ipse
254 1799 326 1852 nosti
344 1796 472 1860 curiosus,
489 1801 519 1851 et
536 1798 599 1865 polo

4 1863 5 1910 l
117 1874 255 1943 Deripere
272 1874 365 1927 lunam
382 1874 495 1927 vocibus
512 1872 613 1940 possim
630 1868 707 1941 meis,

117 1950 226 2005 Possim
243 1953 378 2002 crematos
394 1949 515 2001 excitare
532 1956 654 2002 mortuos

116 2024 301 2092 Desiderique
319 2028 472 2092 temperare
489 2024 593 2092 poculis,

117 2099 231 2155 Plorem
248 2100 317 2155 artis
334 2099 364 2153 in
381 2105 412 2154 te
428 2098 469 2153 nil
485 2098 594 2170 agentis
610 2097 717 2159 exiluit
