2025 3409
90 85 136 137 124
369 82 522 132 nonam
541 83 669 131 FLACCI

85 157 197 213 Persius
213 156 258 213 bic
275 176 424 228 permagna
440 162 551 229 negotia
568 161 646 215 dives
664 160 784 216 habebat
864 180 867 187 ’

84 230 261 302 Clazomenis,
278 236 363 287 etiam
380 234 444 289 lites
462 252 524 289 cum
544 236 621 303 Rege
638 235 773 299 molestus,

85 308 179 362 Durus
196 308 277 362 bomo
295 313 379 377 atque
397 310 460 364 odio
479 311 528 379 qui
545 313 639 379 posset
656 310 763 363 vincere
783 310 896 378 Regem,
1006 340 1007 361 r

86 383 233 438 Confidens
250 385 435 455 tumidusque,
453 386 524 439 adeo
542 386 674 439 sermonis
691 385 775 438 amari

86 458 214 514 Sisennae
233 460 335 514 Barros
352 467 384 516 ut
402 462 479 530 equis
496 465 688 531 praecmreret
704 460 781 513 albis.

86 534 134 589 Ad
154 535 260 604 Regem
277 535 369 590 redeo.
404 536 555 606 Postquam
572 536 641 591 nihil
658 536 731 589 inter
747 540 898 604 utrumque

87 610 227 679 Convenit,
245 610 305 679 (hoc
323 611 426 666 etenim
442 620 508 670 sunt
528 628 623 666 omnes
636 610 701 681 jure
718 610 828 665 molesti
919 626 940 665 m

87 686 147 751 Quo
163 686 249 741 fortes
266 686 367 755 quibus
383 687 529 742 adversum
546 687 649 741 bellum
666 686 776 751 ineidit;
796 686 872 740 inter

87 760 209 816 Hectora
227 761 384 817 Priamiden
401 763 552 818 animosum
570 767 654 831 atque
672 763 745 816 inter
765 761 905 815 Achillem

88 836 134 891 Ira
149 837 202 891 luit
220 838 345 906 capItnIIs
361 842 394 893 ut
410 838 508 893 ultIma
525 839 663 892 divideret
678 854 758 905 mors,

86 912 113 965 N
114 928 149 966 on
166 912 248 967 aliam
265 914 301 967 ob
318 930 427 968 eausam
443 915 497 968 nisi
515 914 589 983 quod
602 915 690 969 virtus
706 914 735 967 in
751 916 870 983 utroque

86 988 198 1042 Summa
215 988 282 1043 fuit:
301 988 356 1044 duo
373 990 397 1043 si
414 989 553 1044 discordia
568 994 651 1045 vexet
667 990 777 1054 mortes,
920 1002 944 1043 ιε

87 1066 147 1118 Ant
161 1064 185 1120 si
201 1063 357 1133 disparibus
376 1065 479 1119 bellum
497 1065 607 1133 incidat,
626 1069 658 1118 ut
678 1063 805 1118 Diomedi

86 1139 156 1193 (lum
174 1140 256 1208 Lycio
275 1140 383 1208 Glauco,
403 1141 529 1195 discedat
547 1142 650 1210 pigrior
666 1140 740 1194 ultro

86 1214 248 1269 Muneribus
262 1216 352 1270 missis
360 1219 375 1283 :)
396 1218 483 1272 Bruto
501 1226 630 1286 praetore
648 1219 761 1271 tenente
1006 1216 1007 1247 l

86 1290 180 1345 Ditem
199 1290 295 1345 Asiam
313 1292 406 1361 Rupili
425 1297 454 1347 et
475 1292 554 1347 Persi
572 1309 623 1362 par
641 1294 753 1361 pugnat,
771 1290 813 1345 uti
831 1306 885 1344 non
1006 1254 1007 1339 i

86 1365 273 1435 Compositnm
291 1367 388 1421 melius
407 1385 469 1422 eum
489 1369 574 1424 Bitho
591 1368 730 1422 Bacchius.
766 1367 799 1420 ln
812 1364 861 1435 jus
919 1382 943 1418 eo

87 1444 175 1496 Acrea
194 1447 365 1511 procurrunt,
381 1460 509 1511 magnum
528 1443 713 1513 spectaculum
733 1446 858 1510 uterque.
1006 1468 1007 1473 κ

87 1517 196 1571 Persius
215 1518 327 1586 exponit
345 1535 469 1586 causam
488 1519 596 1573 ridetur
614 1518 649 1573 ab
664 1517 737 1571 omni

86 1591 243 1657 comeum
261 1593 355 1647 laudat
368 1594 486 1653 Brutum
499 1595 649 1663 laudatque
662 1594 814 1647 eohortem:

86 1666 177 1722 Solem
196 1668 280 1722 Asiae
298 1669 416 1723 Brutum
434 1669 564 1738 appellat,
584 1669 732 1737 stellasque
746 1666 869 1721 salubres

86 1744 218 1813 Appellat
236 1744 350 1797 comites
366 1750 481 1813 excepto
501 1745 592 1813 Rege3
611 1760 706 1798 canem
726 1742 803 1797 illum
918 1758 943 1797 ro

87 1819 208 1873 Invisum
227 1820 352 1887 agnicolis
373 1820 449 1874 aidus
468 1820 582 1875 venisse.
618 1818 728 1873 Ruebat

86 1894 202 1949 Flumen
218 1900 250 1948 ut
268 1895 413 1949 hibernum
429 1896 518 1949 fertur
535 1911 589 1965 qno
608 1911 671 1949 rara
685 1893 794 1949 securis.

86 1969 155 2023 'l'um
174 1969 367 2024 PraenestInus
383 1970 454 2025 salso
473 1972 615 2039 multoque
634 1969 731 2024 fluenti

87 2046 222 2114 Expressa
237 2045 350 2099 arbusto
367 2047 471 2114 regerit
488 2046 615 2113 courIcia,
634 2045 719 2098 durrus

86 2121 276 2175 vindemiator
293 2125 324 2175 et
341 2121 465 2188 Invictus,
484 2123 529 2175 cui
548 2138 629 2191 saepe
646 2122 733 2175 viator
918 2136 942 2177 ss

87 2196 221 2251 cessisset
237 2212 337 2264 magna
355 2197 521 2266 compellans
538 2214 604 2251 voce
622 2196 764 2251 cucullum

87 2275 128 2326 at
145 2273 272 2339 Graecus,
289 2276 435 2341 postquam
454 2277 498 2327 est
517 2273 589 2326 Italo
606 2272 732 2341 perfusus
749 2272 833 2336 aceto,

88 2348 197 2401 Persius
215 2347 366 2405 exclamat:
386 2347 440 2401 Per
457 2364 578 2415 magnos,
597 2349 691 2412 Bmte,
710 2348 776 2400 deos
793 2349 823 2401 te

87 2424 142 2476 0ro
160 2422 208 2491 qui
223 2439 304 2490 reges
321 2424 459 2477 eonsuerIs
476 2424 581 2488 tollere,
599 2440 649 2476 our
664 2438 718 2475 uon
918 2439 944 2476 ss

87 2498 169 2552 Hunc
176 2497 407 2567 Regemjugulasl
417 2499 540 2567 Operum
545 2498 602 2565 hoo,
609 2496 769 2565 mihicrede,
773 2498 883 2549 tuorum
889 2504 943 2552 est

474 2637 561 2692 VIII.

87 2720 164 2776 Oum
181 2724 293 2775 tnmeus
311 2737 385 2775 eram
403 2721 525 2787 ficulnus,
544 2720 641 2775 inutile
658 2720 770 2789 lignum,

87 2797 156 2851 (lum
173 2796 258 2862 faber,
275 2798 397 2849 incertus
414 2812 552 2849 scamnum
571 2797 709 2849 faceretne
728 2793 867 2862 Priapum,

87 2869 187 2927 Maluit
203 2885 263 2922 esse
279 2870 369 2922 deum.
404 2870 479 2923 Deus
495 2870 561 2923 inde
578 2887 629 2937 ego
646 2870 737 2923 furum
756 2869 905 2936 aviumque
1005 2934 1006 2943 ἵ

87 2942 209 2995 Maxima
225 2942 355 3005 formid03
378 2958 441 2995 uam
458 2944 535 2996 fures
552 2944 652 2998 dextra
668 2947 776 2998 coercet

88 3014 282 3080 Obseoenoque
299 3014 383 3067 ruber
397 3020 540 3083 porrectus
557 3017 592 3070 ab
610 3018 720 3086 inguine
737 3018 816 3086 palus
825 3038 834 3082 3

89 3092 145 3141 Ast
161 3088 327 3154 importunas
344 3088 466 3141 volucres
483 3090 512 3141 in
530 3090 632 3143 vertice
650 3090 755 3144 arundo
