2025 3409
422 21 429 42 =
502 2 612 51 ARUM
628 3 666 53 II.
685 5 709 52 2.

118 76 199 140 Quin
218 76 266 129 ubi
284 94 315 131 se
332 80 446 147 evulgo
464 84 493 135 et
512 98 590 135 scene
607 83 635 135 in
653 86 758 137 secreta
775 86 914 137 remorant

117 152 227 205 Virtus
245 153 387 221 Scipiadae
405 158 434 207 et
450 156 526 209 mitis
544 157 676 225 sapientia
694 157 776 225 Laeli,

117 227 149 280 N
151 229 233 295 ugari
251 246 313 281 cum
330 230 377 281 illo
395 234 425 283 et
443 230 567 285 discincti
585 232 680 285 ludere
699 233 786 287 donee

117 302 336 371 Decoqueretur
355 305 415 357 olus
432 306 512 359 soliti.
549 307 689 376 Quidquid
707 324 767 361 sum
785 325 843 376 ego,
856 308 978 377 quemvis

117 378 205 431 Infra
223 380 310 432 Lucili
327 396 439 433 censum
457 382 656 451 ingeniumque,
674 387 767 436 temen
786 400 830 437 me
955 399 978 437 m

117 454 195 508 Cum
215 455 321 523 maguis
338 456 439 508 vixisse
456 457 543 510 invita
560 458 692 511 fatebitur
709 475 795 527 usque

116 523 244 590 Invidia
263 528 293 577 et
310 524 400 591 fragili
418 541 552 593 quaerens
570 526 676 580 illidere
695 526 806 581 dentem

115 598 256 653 Offendet
272 599 375 665 solido;
391 601 444 652 nisi
461 600 528 669 quid
546 604 585 667 tu,
603 602 683 655 docte
701 602 821 669 Trebati,

114 672 284 729 Dissentis”
317 676 476 744 “Equidem
494 676 560 729 nihil
578 677 640 730 binc
658 677 801 731 diffindere
818 692 938 745 possum.

115 751 181 803 Sed
199 755 293 805 tamen
310 755 343 804 ut
360 752 480 804 monitus
497 767 600 817 caveas,
619 769 654 806 ne
670 754 742 806 forte
759 752 852 819 negoti
952 770 977 809 eo

116 827 249 880 Incutiat
268 826 319 880 tibi
338 826 405 895 quid
421 830 578 880 metarum
596 828 703 881 inscitia
720 828 827 895 legum:

115 902 152 955 Si
170 902 244 954 mala
261 902 416 955 condiderit
434 902 560 970 inquom
579 902 640 971 quis
657 904 782 971 carmina,
796 902 844 970 jus
862 906 906 956 est

11 987 18 1014 ¹
114 978 342 1047 Judiuumqueff’
372 978 469 1044 “Esto,
489 978 591 1047 siquis
610 978 697 1043 mala3
719 979 771 1033 sed
787 978 858 1031 bona
876 979 898 1032 si
916 978 977 1047 quis

114 1054 140 1107 J
143 1054 226 1108 udice
244 1054 398 1108 condiderit
415 1054 544 1107 laudatus
563 1055 697 1108 Caesarei
715 1055 739 1108 si
756 1055 835 1123 quis'

115 1130 287 1199 Opprobriis
305 1130 417 1196 dignum
433 1128 582 1196 latraverit,
597 1131 706 1197 integer
723 1130 813 1199 ipsel‘’
954 1146 977 1184 ss

9 1269 12 1278 Ι
114 1209 134 1235 “
145 1207 296 1261 Solventur
313 1205 370 1258 risu
387 1204 505 1272 tabulae,
523 1209 555 1258 tu
573 1206 671 1258 missus
690 1205 799 1259 abibis.’'

529 1346 570 1401 II.

115 1444 207 1507 Quen
223 1440 312 1494 virtus
329 1443 359 1493 et
377 1442 485 1507 quanta,
502 1438 575 1506 boni,
594 1440 631 1494 sit
647 1440 740 1495 vivere
756 1458 839 1509 parvo

116 1519 193 1586 (Nec
210 1532 288 1569 meus
305 1515 349 1568 hic
367 1531 455 1568 sermo
474 1520 524 1583 est,
542 1515 592 1569 sed
609 1532 679 1583 quae
696 1518 836 1584 praecepit
855 1515 941 1569 Ofella

117 1592 261 1659 Rusticus,
280 1590 418 1644 abnormis
436 1590 549 1658 sapiens,
568 1608 712 1659 crassaque
731 1592 871 1659 Minerva)

116 1668 234 1731 Discite,
252 1684 306 1719 uon
323 1667 396 1719 inter
414 1665 504 1719 lances
522 1683 683 1733 mensasque
701 1668 822 1720 nitentes

116 1744 195 1797 (lum
212 1745 306 1809 stupet
323 1742 424 1793 insanis
441 1741 513 1794 acies
530 1742 680 1809 fulgoribus
699 1746 728 1795 et
745 1758 806 1794 cum
964 1756 976 1791 r·

116 1818 245 1872 Acclinis
264 1817 340 1869 falsis
358 1816 464 1869 animus
481 1816 593 1869 meliore
611 1821 726 1883 recusat,

117 1895 226 1947 Verum
246 1892 291 1944 bic
308 1892 438 1959 impransi
455 1908 562 1945 meeum
580 1892 730 1959 disquirite.
767 1892 822 1945 Gur
840 1892 909 1947 boel

116 1969 219 2023 Dicam
238 1968 261 2021 si
279 1972 382 2035 potero.
418 1966 492 2020 Male
510 1984 603 2019 verum
622 1968 758 2022 examinat
776 1970 863 2020 omnis

117 2046 276 2113 (lon-'uptus
289 2042 386 2111 judex.
422 2041 556 2110 Leporem
574 2046 693 2096 sectatus
711 2060 814 2112 equove

117 2122 223 2175 Lassus
241 2119 276 2173 ab
294 2118 435 2184 indomito,
455 2118 497 2171 vel
517 2119 539 2170 si
559 2118 682 2171 Romana
699 2119 796 2185 fatigat
953 2135 973 2173 m

117 2196 224 2251 Militia
243 2198 382 2249 assuetum
400 2195 529 2262 grassari,
548 2210 595 2247 seu
613 2194 668 2261 pila
685 2194 763 2247 velox

5 2287 8 2294 '
117 2271 244 2326 Molliter
261 2274 401 2324 austerum
420 2270 511 2322 studio
528 2269 639 2322 fallente
656 2268 785 2335 laborem,

119 2351 179 2402 Seu
195 2352 224 2401 te
242 2346 333 2400 discus
350 2346 416 2412 agit,
426 2349 497 2413 pete
515 2344 657 2397 cedentem
675 2350 738 2397 aira
756 2345 844 2411 dis003

119 2424 193 2476 (lum
213 2421 290 2475 labor
307 2420 450 2474 extuderit
467 2420 585 2486 fastidis,
605 2421 697 2486 siccus,
715 2420 802 2472 inertis

118 2500 226 2568 Sperne
244 2497 334 2551 cibum
351 2496 450 2560 vilem3
472 2495 523 2548 nisi
543 2495 685 2563 Hymettia
702 2496 782 2548 mella
802 2494 915 2548 Falerno
952 2509 972 2549 15

117 2574 165 2627 Ne
184 2572 287 2627 biberis
305 2572 399 2625 diluta
436 2571 514 2624 Foris
533 2574 576 2625 est
593 2587 703 2639 promus
721 2574 750 2624 et
768 2576 858 2624 atrum

118 2647 280 2703 Defendens
298 2647 386 2715 pisces
403 2647 507 2699 hiemat
526 2662 615 2700 mare:
634 2663 695 2699 eum
714 2647 769 2699 sale
787 2646 865 2715 panis

118 2726 283 2778 Latrantem
301 2721 471 2775 stomachum
490 2721 560 2775 bene
578 2721 668 2775 leniet.
705 2721 786 2775 Unde
805 2726 886 2789 putas
906 2726 955 2777 aut

118 2799 175 2864 Qui
193 2800 323 2867 partnurl
360 2798 386 2850 N
388 2814 422 2849 on
440 2797 469 2849 in
486 2813 549 2849 caro
567 2797 663 2850 nidore
680 2797 805 2865 voluptas

118 2877 235 2930 Summe
253 2874 303 2928 sed
320 2872 349 2925 in
366 2876 396 2925 te
413 2872 471 2939 ipso
489 2877 539 2926 est.
575 2872 616 2925 Tu
632 2872 812 2941 pulmentaria
830 2890 931 2943 quaere
947 2890 970 2929 ao

89 3006 100 3021 ,
118 2950 271 3015 Sudand03
290 2949 421 3017 pinguem
439 2947 513 3001 vitiis
531 2947 676 3014 albumque
694 2964 782 3015 neque
801 2953 892 3003 ostrea

116 3026 145 3081 N
147 3042 180 3079 ec
197 3040 290 3078 scarus
307 3032 356 3075 aut
373 3022 475 3090 poterit
492 3022 637 3088 peregrina
650 3021 747 3087 juvere
765 3022 856 3089 lagois.
