2025 3409
400 61 469 108 Alis
485 60 645 107 pomos.
899 58 945 107 209

101 132 237 191 (tsedibus
253 139 285 192 ot
300 134 375 190 riotu
391 136 472 191 foedo
488 136 625 192 determit
642 135 775 205 Orpheus,

100 208 197 264 Dictus
214 210 249 264 ob
266 210 318 265 hoe
335 212 421 265 lenire
437 213 525 280 tigres
542 211 706 281 rabidosque
724 210 831 275 leonem

10 346 15 353 Α
99 282 198 338 Dictus
214 289 244 340 et
261 286 407 355 Amphion,
426 286 570 341 Thebanae
587 284 711 347 eonditor
730 286 808 352 areis,
864 306 874 312 ·

98 358 170 413 Sam
187 376 297 415 movere
314 378 379 415 sono
395 363 544 417 testudinis
562 366 592 417 et
607 378 689 430 prece
706 361 808 415 blande
910 374 944 414 aar

98 433 207 489 Duoere
224 452 278 504 quo
294 437 384 491 uellet
419 438 484 491 Fuit
500 438 568 491 haee
585 436 719 503 sapientia
734 435 881 504 quondam,

99 508 212 564 Publica
227 511 341 580 privatis
358 529 509 581 secernere,
527 528 603 567 saera
620 512 747 581 prolenis,

98 583 250 639 Concubitu
267 586 411 654 probibere
428 604 503 655 vago,
522 588 588 641 dere
599 587 666 656 jure
681 585 792 655 maritis,

5 642 14 663 ⁹
97 659 207 729 Oppida
223 661 319 730 moliri,
336 662 410 730 leges
427 662 547 717 incidere
563 663 652 730 ligno;

95 734 141 788 Sic
157 735 243 790 bonor
259 740 289 791 et
305 753 403 791 nomen
420 738 521 792 divinis
537 738 645 792 vatibus
661 741 747 806 atquo
905 745 939 783 40ρ

96 809 268 865 Carminibus
285 812 366 867 venit
402 812 469 868 Post
485 813 536 867 hos
552 812 665 880 insignis
683 814 820 866 Homerus

95 883 281 955 Tyrtaeusque
298 904 389 942 mares
405 887 509 942 animos
526 888 555 940 in
573 887 673 941 Martia
690 887 762 942 bella

95 959 228 1015 Versibus
245 964 367 1028 exacuit5
385 962 476 1018 diotae
492 980 544 1032 per
560 964 678 1017 earmina
695 966 796 1028 sortem

94 1034 133 1088 Et
148 1036 220 1091 vitae
238 1042 388 1092 monstrata
404 1038 448 1092 via
464 1042 522 1103 est;
540 1042 570 1093 et
584 1038 673 1106 gratia
689 1054 784 1105 regum

95 1108 193 1165 Pieriis
209 1116 317 1167 tentata
333 1114 421 1168 modis
429 1135 437 1180 ;
454 1114 589 1183 ludusque
607 1118 732 1182 repertus
904 1128 939 1167 suo

1 1170 9 1193 ”
94 1185 132 1240 Et
149 1186 289 1255 longorum
307 1206 419 1258 operum
436 1190 512 1243 linis:
528 1207 563 1243 ne
580 1190 651 1243 forte
668 1188 765 1257 pudori

94 1261 137 1314 Sit
153 1262 204 1316 tibi
221 1264 301 1317 Musa
317 1264 391 1332 lyrae
407 1264 503 1319 sollers
521 1268 550 1319 et
566 1270 660 1319 mutor
678 1267 784 1333 Apollo.

93 1336 201 1391 Natura
217 1339 298 1393 fieret
315 1339 451 1394 laudabile
467 1356 577 1393 carmen
594 1356 629 1393 an
645 1343 706 1393 arte

3 1435 12 1456 ι
94 1412 253 1476 Quaesitum
271 1418 326 1469 est:
345 1430 396 1483 ego
413 1432 463 1469 nee
480 1415 601 1469 studium
618 1416 676 1469 sine
693 1414 778 1469 divite
795 1431 864 1469 vona

92 1487 153 1541 Neo
169 1488 238 1542 rude
256 1490 322 1557 quid
338 1491 425 1560 possit
441 1490 522 1545 video
539 1490 676 1558 ingenium
685 1511 693 1555 ;
709 1489 821 1544 alterius
839 1489 878 1542 sie
902 1503 938 1543 410

93 1563 191 1617 Altera
207 1566 295 1633 posoit
311 1582 390 1635 opem
408 1582 453 1619 res
470 1570 500 1621 et
517 1566 642 1635 conjurat
658 1566 750 1620 amice.

0 1650 1 1659 ¹
93 1637 147 1702 Qui
164 1639 259 1694 studet
276 1645 397 1709 optatam
414 1657 495 1696 eursu
513 1641 670 1710 contingere
687 1646 788 1694 metum

92 1713 182 1768 Multa
201 1716 266 1770 tulit
283 1717 403 1785 fecitque
421 1733 497 1785 puer,
516 1716 624 1771 sudavit
642 1721 673 1772 et
689 1717 757 1781 alsit

93 1788 236 1844 Abstinuit
253 1807 352 1845 venere
369 1794 399 1845 et
414 1792 495 1856 uin03
514 1792 562 1859 qui
574 1790 672 1858 Pythia
683 1794 776 1845 mutat

92 1864 203 1918 Tibicen
221 1865 318 1919 didicit
335 1867 410 1934 prius
427 1866 608 1933 extimuitque
624 1867 788 1933 magistrum
904 1879 937 1919 sle

92 1940 152 1994 Nee
169 1941 235 1994 satis
253 1946 297 1996 est
314 1942 428 1995 dixisse:
447 1941 527 2008 “ligo
545 1941 614 1994 mira
630 1945 757 2009 poimuts
773 1958 878 2010 pango:

1 2025 13 2041 2
92 2016 214 2085 Oeeupet
232 2021 385 2071 extremum
402 2016 520 2080 soabies;
536 2016 602 2069 mibi
618 2020 700 2084 turpe
718 2016 834 2084 relinqui
851 2019 894 2069 ost

0 2156 1 2161 ἵ
92 2091 130 2145 Et
147 2091 220 2158 quod
236 2107 291 2145 non
308 2091 392 2146 didici
410 2108 474 2145 sano
491 2091 596 2145 nescire
612 2091 713 2144 fateri?

91 2166 133 2220 Ut
150 2183 255 2236 praeeo,
273 2167 310 2220 ud
327 2184 431 2221 meroes
447 2165 558 2220 turbam
576 2166 623 2235 qui
641 2166 713 2233 cogit
730 2162 867 2231 emendus

93 2243 286 2296 Assentstores
299 2242 382 2311 jubet
398 2242 436 2295 sd
452 2242 557 2295 luorum
574 2242 616 2295 ire
632 2246 713 2310 poeta
903 2261 939 2299 rso

91 2316 177 2370 Dives
193 2318 273 2385 agris,
291 2318 367 2371 diues
384 2318 480 2388 positis
496 2318 525 2369 in
542 2318 634 2371 fenore
651 2318 774 2370 nummis

91 2392 122 2445 Si
139 2408 203 2446 vero
220 2396 263 2447 est
281 2396 398 2446 unotum¹
410 2393 457 2461 qui
475 2395 550 2447 reete
567 2408 669 2459 ponere
685 2392 772 2459 possit

91 2468 131 2520 Et
147 2468 281 2536 spondere
298 2468 351 2522 levi
367 2484 418 2537 pro
434 2483 554 2540 paupere
573 2470 602 2520 et
619 2467 726 2535 eripere
742 2469 810 2520 atris

91 2542 201 2596 litibus
218 2543 386 2612 implicitum,
403 2542 524 2596 mirabor
540 2541 563 2594 si
580 2541 648 2595 seiet
664 2542 748 2595 inter-

91 2617 213 2672 Noseere
230 2619 387 2673 mendaeem
406 2632 555 2684 verumque
572 2616 669 2671 boetus
686 2616 811 2671 amicum.
904 2631 938 2671 sse

91 2692 135 2745 'l'u
151 2709 201 2747 seu
217 2693 327 2748 donaris
345 2709 393 2746 seu
411 2691 478 2759 quid
495 2691 598 2746 donare
615 2692 688 2746 voles
706 2692 756 2753 oui,

91 2766 119 2821 N
121 2767 187 2822 olito
203 2767 239 2821 sd
257 2784 350 2822 versus
368 2766 419 2821 tibi
436 2766 522 2821 iaetus
540 2766 640 2821 ducere
656 2766 766 2835 plenum

0 2867 1 2874 ¹
91 2842 243 2909 laetitiam
259 2843 387 2899 clamabit
402 2844 475 2901 enim
494 2842 623 2899 Pulchre!
642 2840 727 2895 bene!
746 2844 835 2895 roctel

92 2918 327 2988 l'slleseetsuper
343 2921 393 2988 his,
410 2922 494 2976 otiam
512 2917 629 2972 stillabit
646 2918 738 2971 suricis

91 2993 136 3047 le
154 2995 237 3048 oeulis
254 3012 351 3063 rorem,
369 2997 456 3062 saliet,
473 2995 574 3050 tundet
592 2993 663 3063 pede
679 2998 789 3050 terram.
904 3006 938 3045 rao

92 3067 135 3123 Ut
151 3069 199 3137 qui
215 3072 342 3125 eonduoti
358 3072 467 3141 plorent
482 3071 512 3123 in
528 3070 623 3124 funere
641 3068 736 3123 dieunt
