2025 3409
318 38 574 89 EPISTOLARUM
591 39 629 91 11.
650 38 672 91 l.
874 43 916 89 191

66 120 135 177 Mox
152 121 275 176 trahitur
291 120 418 173 manibus
435 136 531 187 regum
548 120 657 173 fortuna
674 121 792 189 retortis,

66 198 175 253 Esseda
192 198 330 263 festinant,
349 196 461 266 pilenta,
478 195 620 263 petorrita,
637 212 728 263 naves,

13 293 14 308 ³
66 275 215 343 Captivum
233 274 360 342 portatur
377 270 453 338 ebur,
471 271 580 338 captiva
598 271 753 327 Corinthus.

66 350 96 405 si
113 351 190 403 foret
206 349 236 401 in
254 349 337 402 terris
353 347 459 401 rideret
478 346 658 413 Democritus,
676 363 725 399 seu

67 426 215 479 Diversum
233 424 345 477 confusa
361 438 447 490 genus
464 422 600 491 panthera
617 422 727 490 camelo,
889 436 921 477 lor

12 519 13 562 ς
67 502 132 556 Sive
149 501 262 569 elephas
279 500 358 553 albus
375 498 449 566 vulgi
466 501 641 551 converteret
658 514 720 564 ora;

12 581 13 586 ’
67 578 216 645 spectaret
232 575 362 644 populum
378 573 451 627 ludis
468 574 601 627 attentius
617 574 692 641 ipsis,

67 654 107 707 Ut
126 652 181 706 sibi
197 651 376 720 praebentem
393 650 476 703 mimo
493 650 648 718 spectacula
664 650 758 717 plura3

68 729 223 796 Scriptores
239 729 332 781 autem
349 742 461 779 nauare
477 729 590 794 putaret
607 725 690 779 asello

11 813 13 882 l
68 803 211 857 Fabellam
229 803 319 855 surdo.
355 801 427 854 Nam
445 818 516 869 quae
534 801 691 869 pervincere
709 817 789 854 voces
888 814 922 852 mo

68 880 204 933 Evaluere
222 894 318 931 sonum
335 878 459 931 referunt
477 893 559 944 quem
577 881 670 929 nostra
686 877 810 931 theatra?

11 966 12 1031 l
68 955 228 1023 Garganum
244 953 350 1020 mugire
367 957 449 1020 putes
466 968 562 1006 nemus
580 955 629 1006 aut
646 968 720 1005 mare
738 952 862 1018 Tuscum,

9 1347 11 1406 l

7 1493 20 1726 l

7 2333 11 2416 l

67 1032 157 1083 'lanto
174 1046 237 1084 oum
255 1029 373 1096 strepitu
390 1027 449 1080 ludi
466 1031 625 1095 spectantur
643 1031 673 1081 et
689 1032 763 1081 artes

68 1106 245 1173 Divitiaeque
262 1104 430 1172 peregrinae,
448 1103 549 1172 quibus
566 1102 667 1157 oblitus
685 1107 761 1157 actor

68 1182 139 1235 Cum
157 1180 238 1234 stetit
254 1179 284 1232 in
301 1195 383 1232 scena
399 1178 536 1232 concurrit
554 1178 670 1233 dextera
687 1179 787 1233 laevae.
884 1191 920 1233 ses

68 1259 148 1310 llixit
165 1256 256 1311 adhuc
273 1255 394 1323 aliquidl
429 1255 477 1307 Nil
496 1271 567 1309 sane.
603 1254 675 1319 Quid
693 1255 783 1324 placet
800 1256 882 1321 ergol

68 1334 146 1385 Lana
163 1330 311 1386 Tarentino
329 1330 413 1384 uiolas
430 1330 539 1384 imitata
555 1347 667 1385 venene.

69 1412 113 1463 Ac
131 1424 167 1461 ne
184 1408 257 1461 forte
274 1411 355 1475 putes
371 1422 417 1459 me
435 1422 505 1474 quae
522 1406 612 1460 facere
630 1407 688 1473 ipso
705 1422 827 1459 recusem

69 1486 142 1537 Cum
158 1486 235 1537 recte
253 1484 374 1535 tractent
390 1482 437 1534 alii
454 1481 566 1535 laudare
584 1481 715 1549 maligne:

69 1560 123 1622 Ille
141 1575 193 1626 per
210 1561 353 1612 extentum
369 1557 463 1611 funem
480 1557 547 1609 mihi
565 1574 644 1625 posse
663 1558 772 1612 videtur
890 1574 924 1611 aro

70 1635 118 1689 Ire
135 1638 225 1703 polita,
242 1650 333 1687 meum
351 1632 399 1702 qui
416 1636 513 1701 pectus
530 1632 648 1687 inaniter
665 1636 749 1701 angit,

70 1711 177 1776 Irritat,
195 1709 304 1776 mulcet,
321 1708 397 1761 falsis
414 1709 566 1763 terroribus
583 1709 686 1777 implet,

70 1787 112 1841 Ut
130 1802 233 1854 magus,
252 1788 282 1838 et
299 1784 381 1838 modo
398 1800 443 1838 me
461 1784 570 1850 Thebis,
588 1785 670 1838 modo
687 1785 765 1853 ponit
784 1786 909 1842 Athenis.

71 1862 178 1915 Verum
194 1877 246 1929 age
263 1862 293 1913 et
310 1860 353 1912 his
370 1860 417 1929 qui
435 1876 465 1913 se
482 1860 578 1913 lectori
596 1862 708 1914 credere
726 1860 832 1914 malunt

71 1938 160 2002 Quam
179 1937 339 2005 spectatoris
355 1935 467 1989 fastidia
483 1935 557 1989 ferre
575 1936 684 2004 superbi
886 1952 922 1991 aro

71 2014 173 2067 Curam
191 2012 278 2065 redde
295 2010 414 2078 brevem,
433 2011 455 2063 si
474 2027 573 2064 munus
592 2012 718 2079 Apolline
736 2012 849 2079 dignum

71 2088 123 2142 Vis
140 2088 276 2156 complere
294 2086 373 2140 libris
390 2090 420 2139 et
436 2087 546 2140 vatibus
563 2087 666 2141 addere
685 2087 779 2155 calcar,

73 2165 112 2218 Ut
131 2163 224 2217 studio
240 2163 345 2230 majore
361 2165 458 2230 petent
476 2162 610 2216 Helicona
626 2163 767 2217 virentem.

71 2241 163 2294 Multa
180 2238 292 2308 quidem
309 2238 388 2291 nobis
404 2237 518 2290 facimus
534 2238 607 2291 mala
624 2254 706 2307 saepe
724 2243 830 2309 potitae,

71 2316 124 2383 (Ut
140 2314 233 2369 vineta
250 2316 359 2382 egomet
376 2312 489 2367 medam
506 2314 584 2380 mea)
603 2330 664 2368 cum
683 2315 733 2367 tibi
751 2316 850 2369 librum
889 2332 923 2371 aaa

8 2423 9 2460 3
72 2391 195 2445 Sollicito
213 2390 310 2443 damus
327 2392 377 2442 aut
393 2388 479 2453 iess03
496 2406 558 2443 cum
575 2390 710 2443 laedimur
726 2409 810 2445 unum

72 2468 100 2521 Si
120 2465 183 2535 quis
200 2464 347 2518 amicorum
365 2468 408 2518 est
425 2480 507 2518 ausus
524 2464 725 2533 reprehendere
743 2483 864 2529 versum;

72 2544 143 2598 Cum
161 2541 220 2595 loca
232 2540 292 2609 jam
310 2540 425 2593 recitata
442 2540 604 2594 revolvimus
621 2541 778 2608 irrevocati;

8 2605 9 2658 Ῐ
72 2618 143 2672 (lum
160 2616 342 2669 lamentamur
358 2632 413 2668 non
430 2632 561 2685 apparere
579 2616 685 2670 labores

72 2693 190 2746 Nostros
208 2694 238 2743 et
255 2691 333 2744 tenui
350 2690 470 2745 deducta
486 2694 613 2759 poemata
630 2692 690 2758 filo;
888 2712 922 2752 22⁵
987 2718 990 2725 ·

72 2768 143 2821 Cum
160 2781 303 2835 speramus
320 2782 353 2819 eo
370 2783 429 2820 rem
446 2769 589 2820 venturam
607 2770 639 2820 ut
657 2768 737 2821 simul
754 2770 838 2837 atque

8 2889 9 2901 ,
71 2841 201 2897 Carmina
219 2841 343 2895 rescieris
360 2858 410 2895 nos
427 2842 531 2909 fingere
549 2843 706 2896 commodus
722 2843 795 2898 ultro

71 2920 214 2984 Aroessas
233 2920 263 2971 et
280 2934 361 2984 egere
378 2921 462 2984 vetes,
480 2920 510 2970 et
528 2917 646 2971 scribere
663 2934 750 2986 cogas.

70 2994 127 3052 Sed
144 2996 239 3046 tamen
258 2999 302 3045 est
319 3008 417 3059 operae
434 2992 554 3060 pretium
571 3008 740 3058 cognoscere,
759 2993 853 3062 quales

73 3069 210 3124 hodituos
226 3067 326 3121 habeat
344 3066 407 3120 belli
425 3070 549 3136 spectate.
566 3067 693 3137 domique
