2025 3409
391 24 548 73 HORATII
564 24 697 74 FLAGOI

254 103 347 159 Paene
364 110 522 173 occupatam
541 105 722 159 seditionibus

254 178 365 235 Delevit
383 178 488 233 Urbem
507 180 599 233 Dacus
616 184 646 235 et
664 180 808 249 Aethiops,

289 254 345 309 Hic
362 254 448 309 classo
465 256 636 323 formidatus,
653 257 700 311 illo
950 278 970 318 15

323 329 475 385 Missilibus
493 332 590 385 melior
607 333 723 399 sagittis.

255 406 383 462 Fecunda
400 407 497 476 culpae
515 406 606 460 secula
622 408 734 475 nuptias

254 482 377 538 Primum
395 482 573 552 inquinavere
590 486 621 536 ot
637 499 724 550 genus
742 486 771 537 et
788 482 883 538 domos
892 504 901 551 ;

290 558 351 613 Hoc
368 558 445 612 fonto
463 558 588 612 derivata
604 558 697 611 eludes

324 634 358 687 In
376 634 492 702 putrium
510 634 695 703 populumque
712 633 799 689 fluxit
949 656 970 693 m

245 708 348 787 ¹Motus
366 709 457 763 doceri
474 708 579 776 gaudet
597 709 704 762 Ionicos

254 784 367 839 Matura
384 784 460 852 virgo
478 786 509 837 et
525 783 639 852 fingitur
656 784 779 851 artibus;

287 860 352 914 Jam
369 876 441 913 nuno
459 863 489 913 et
505 859 624 913 incestos
642 876 748 913 amores

322 935 367 988 Dc
383 939 480 989 tenero
497 935 649 988 meditatur
666 934 768 1002 ungui:

255 1010 320 1065 Mox
333 1010 458 1079 juniores
476 1010 586 1078 quaerit
602 1009 743 1063 adulteros

255 1087 334 1140 Inter
350 1086 442 1139 mariti
460 1086 532 1153 vina,
550 1102 641 1154 neque
659 1086 737 1153 eligit

289 1162 340 1216 Cui
358 1161 443 1215 donet
459 1160 632 1229 impermissa
648 1160 749 1229 raptim

323 1237 430 1291 Gaudia
447 1236 596 1289 luminibus
613 1236 744 1301 remotis;

254 1312 310 1367 Sed
322 1312 402 1379 jussa
418 1328 510 1365 coram
527 1328 581 1364 non
600 1311 659 1365 sino
677 1311 784 1365 conscio

255 1388 349 1455 Surgit
366 1388 472 1455 marito,
491 1403 541 1440 seu
558 1390 636 1441 vocat
653 1386 764 1440 institor

289 1463 344 1516 Seu
361 1462 437 1515 navis
457 1462 597 1530 Hispanae
614 1462 753 1528 magister,
770 1477 775 1487 ·

323 1538 495 1591 Dedecorum
513 1537 651 1606 pretiosus
668 1540 783 1605 emptor.

255 1612 282 1667 N
283 1629 318 1666 on
335 1612 379 1667 his
392 1612 525 1681 juventus
542 1616 603 1666 orta
620 1612 782 1682 parentibus

255 1688 356 1742 Infecit
372 1704 474 1757 aequor
491 1688 623 1755 sanguine
641 1687 751 1755 Punico,

289 1764 478 1831 Pyrrhumque
496 1767 526 1817 et
543 1764 684 1831 ingentem
701 1762 801 1816 cecidit

324 1836 491 1893 Antiochum
511 1838 750 1907 Hannibalemque
768 1838 878 1904 dirum3

255 1914 309 1969 Sed
327 1915 491 1967 misticorum
508 1913 629 1967 muscula
646 1914 764 1967 militum

255 1990 357 2057 Proles,
376 1989 492 2045 Sabellis
510 1989 591 2043 docta
608 1988 745 2057 ligonibus

289 2066 408 2118 Versare
425 2064 521 2133 glebas
539 2067 568 2117 et
586 2080 697 2117 severae

323 2140 423 2193 Matris
440 2140 477 2192 ad
494 2139 641 2192 arbitrium
659 2139 761 2193 recisos

257 2214 371 2269 Portare
388 2216 482 2281 fustes,
502 2215 541 2268 sol
559 2214 607 2267 nbi
628 2214 761 2268 montium

256 2291 379 2347 Mutaret
396 2290 507 2343 umbras
524 2293 554 2343 et
566 2289 636 2358 juga
654 2290 779 2345 demeret

290 2366 383 2421 Bobus
401 2366 531 2433 fatigatis,
549 2366 666 2419 amioum

324 2442 441 2510 Tempus
458 2457 542 2507 agens
559 2439 677 2494 abeunte
695 2456 784 2493 curru.

255 2516 393 2571 Damnosa
409 2516 477 2585 quid
494 2532 550 2569 non
567 2515 711 2568 imminuit
723 2515 802 2571 diesi

257 2595 345 2647 Aetas
360 2595 458 2661 parent
459 2608 507 2645 um
524 2590 604 2659 pejor
620 2590 679 2643 avis
696 2591 762 2643 tulit
835 2601 869 2652 ι,

290 2667 349 2721 Nos
365 2666 518 2735 nequiores,
535 2682 599 2718 mox
617 2665 731 2719 daturos
774 2654 845 2756 ff

324 2741 485 2809 Progeniem
503 2740 679 2834 vitiosiorem
718 2725 783 2812 q<

510 2879 579 2932 VII.
634 2836 710 2926 i

257 2958 331 3022 Qun>
349 2960 406 3025 fies,
426 2961 544 3026 Asterie,
563 2976 644 3027 quem
662 2960 714 3013 tibi
731 2958 841 3021 candidi

259 3031 350 3085 Primo
367 3033 515 3087 rest1tuent
532 3049 597 3086 uere
616 3034 727 3087 Favonii
