2025 3409
101 71 145 121 llo
371 64 527 116 110an
543 66 673 117 FLAOGI

99 148 137 203 m
152 147 227 201 viret
244 144 321 216 puris
337 143 465 202 manibus
481 149 638 201 contemnat
654 160 810 215 utrumque

98 223 140 276 Ut
157 223 193 275 sis
211 226 243 276 tu
261 222 355 275 similis
374 223 449 276 Caeli
468 222 596 290 Birrique
612 223 758 290 latronum,

99 298 163 351 Non
180 314 230 365 ego
248 314 308 350 sum
327 297 408 365 Capri
425 314 516 365 nequo
534 298 622 352 Sulci:
641 316 689 352 cur
706 302 813 353 metuas
830 299 887 351 mel
919 311 941 353 11
995 312 998 363 l

99 373 183 426 Nulla
199 372 315 426 taberna
331 389 407 425 meos
424 372 525 427 lrabeat
542 390 631 443 neque
649 374 705 443 pila
722 374 837 442 libellos,

100 447 167 511 Quis
184 465 280 501 manus
298 448 409 501 insudet
426 448 499 515 vulgi
518 449 756 519 Hermogenisque
776 450 888 519 Tigelli:

100 524 126 578 N
128 541 159 579 ec
175 524 261 578 recito
278 524 403 591 cuiquam
421 522 472 577 nisi
489 524 589 592 suricis,
606 525 691 593 idque
709 530 825 597 coactus,

100 602 125 654 N
128 618 163 654 on
179 598 270 653 ubivis
287 616 410 653 coramve
426 599 614 667 quibuslibet·
637 602 671 653 11
688 601 779 655 medio
797 602 845 671 qui

100 676 209 745 Scripta
226 677 285 729 foro
305 674 423 728 recitent
441 678 505 728 sunt
524 676 603 730 multi
622 677 723 746 quiquo
741 678 877 734 lavantes:
923 690 945 735 11

100 753 188 806 Suave
206 752 280 805 locus
298 751 357 803 voci
377 754 487 803 resonat
504 751 651 804 conclusus.
688 752 787 805 Inanes

101 828 163 882 Hoc
176 828 263 895 juvat,
281 826 355 879 haud
375 825 443 878 illud
461 830 632 894 quaerentes,
651 843 716 881 num
735 827 794 881 sine
813 844 900 895 sensu,

101 903 232 971 Tempore
249 919 315 955 nom
333 901 433 954 faciant
452 901 547 955 alieno.
583 902 730 955 “Laedere
751 904 879 971 gaudes,”
917 947 920 953 .

101 978 203 1047 Inquit,
223 978 274 1031 “et
293 977 343 1030 hoc
361 977 452 1031 studio
470 993 570 1044 pravus
588 977 675 1031 facis?
711 978 791 1033 Unde
803 974 926 1047 ‘petitum

101 1053 162 1108 Hoc
181 1054 209 1106 in
229 1070 273 1106 me
286 1052 375 1120 jacisl
411 1052 462 1105 Est
479 1056 574 1106 auctor
592 1053 653 1121 quis
671 1052 789 1123 denique
809 1071 903 1108 eorum
924 1068 945 1108 eo

103 1130 166 1182 Viri
185 1146 247 1182 cum
265 1128 382 1197 quibust
418 1128 569 1181 Absentem
590 1129 636 1197 qui
655 1129 729 1183 rodit
748 1130 880 1196 amicum

101 1205 154 1268 Qui
172 1221 225 1258 non
246 1204 370 1258 defendit
388 1203 441 1255 alio
460 1203 602 1272 culpante3
622 1203 723 1257 solutos

101 1280 154 1343 Qui
172 1284 265 1349 captat
279 1280 350 1332 risus
369 1278 506 1331 hominum
525 1278 678 1346 famamque
697 1278 812 1344 dicacis;

102 1356 218 1423 Fingere
237 1354 284 1423 qui
304 1370 357 1407 non
376 1354 433 1406 visa
450 1356 558 1422 potest3
576 1354 718 1407 commissa
735 1358 828 1409 tacere

102 1431 154 1495 Qui
172 1432 288 1504 nequitg
300 1430 344 1482 hic
362 1430 441 1496 niger
454 1432 505 1496 est,
517 1429 590 1482 hunc
606 1432 644 1497 tu,
659 1429 788 1497 Romane,
800 1436 905 1485 cereto.
926 1447 948 1504 8⁵

101 1508 188 1575 Saepe
207 1506 296 1559 tribus
313 1505 392 1558 lectis
411 1503 505 1557 videas
523 1520 638 1558 coenare
657 1509 811 1573 quaternos

102 1582 239 1651 liquibus
257 1597 326 1633 unus
345 1583 419 1633 amet
439 1578 534 1647 quavis
552 1579 717 1648 adspergere
736 1587 846 1635 cunctos

102 1658 216 1711 Praeter
224 1654 655 1723 eumquipraebetaquam3post
663 1654 734 1709 hune
744 1673 853 1725 quoquc
861 1661 946 1725 potus,
997 1718 998 1725 ἵ

102 1733 217 1786 Condita
234 1749 295 1785 eum
315 1746 398 1784 verae:
416 1730 505 1798 aperit
524 1730 683 1797 praecordia
702 1730 791 1785 Liber.
997 1772 998 1802 p

102 1808 156 1862 Hic
173 1807 225 1879 tibi
243 1807 326 1860 comis
344 1810 374 1859 et
391 1805 512 1858 urbanus
532 1804 655 1873 liberque
674 1806 792 1873 ridetur,
924 1823 947 1862 oo

103 1884 204 1937 Infesto
224 1883 315 1949 nigris
351 1882 409 1948 Ego
429 1881 452 1933 si
471 1879 519 1932 risi
537 1880 613 1948 quod
632 1880 743 1949 ineptus

103 1959 227 2012 Pastillos
246 1957 362 2010 Rufillus
382 1956 445 2020 olet,
464 1956 616 2022 Gorgonius
635 1955 748 2024 hircum,

103 2034 213 2086 Lividus
231 2037 260 2086 et
278 2031 392 2085 mordax
410 2031 503 2083 videor
521 2029 589 2085 tibil
626 2030 730 2084 Montio
750 2031 772 2084 si
793 2048 848 2101 qua

102 2110 144 2162 De
164 2107 309 2177 Capitolini
320 2106 408 2159 -iurtis
425 2105 529 2173 injecta
549 2105 640 2159 Petilli

101 2186 139 2238 'le
158 2200 247 2237 coram
265 2181 355 2248 luerit,
375 2180 507 2233 defendas
527 2184 559 2234 ut
580 2185 643 2234 tuus
664 2185 707 2235 cst
726 2198 799 2237 mos:
923 2201 948 2239 os

101 2259 170 2311 “Me
185 2258 352 2326 Capitolinus
368 2256 520 2309 convictore
540 2273 606 2309 usus
624 2257 765 2326 amicoque

102 2336 127 2387 A
146 2350 231 2403 puero
250 2336 299 2399 est,
318 2347 452 2399 causaque
471 2348 534 2383 mea
553 2332 690 2399 permulta
708 2336 822 2399 rogatus

101 2410 185 2474 Fecit,
200 2412 229 2462 et
246 2406 385 2460 incolumis
402 2406 490 2460 laetor
507 2406 581 2475 quod
598 2408 666 2461 vivit
682 2408 711 2461 in
728 2408 812 2473 urbe3

101 2484 156 2538 Sed
173 2488 264 2538 tamon
282 2482 408 2549 admiror,
427 2498 481 2551 quo
497 2486 577 2549 pacto
591 2482 726 2549 judicium
742 2484 811 2536 illud

102 2559 235 2627 Ilugeritl’
273 2558 327 2611 llic
344 2558 438 2624 nigrae
455 2573 550 2611 succus
567 2557 691 2625 loliginis,
709 2558 776 2612 11111
794 2562 836 2612 est
912 2574 945 2616 loo

101 2638 210 2703 Aerugo
227 2650 309 2687 mera
344 2633 424 2696 Quod
441 2632 537 2686 vitimn
555 2634 648 2701 procul
666 2634 740 2687 aiore
759 2634 858 2687 chartis

102 2714 195 2779 Atque
212 2710 301 2762 animo
318 2708 401 2776 prius,
419 2713 451 2760 ut
469 2708 491 2759 si
510 2708 578 2775 quid
595 2710 756 2775 promittere
775 2710 809 2763 de
828 2726 871 2762 111

101 2787 214 2839 Possum
231 2784 304 2838 aliud
322 2799 393 2848 vere,
411 2783 548 2850 promitto.
585 2782 709 2837 Liberius
726 2785 749 2837 si

100 2862 202 2913 Dixero
220 2859 294 2925 quid,
312 2858 334 2910 si
352 2858 422 2910 forte
435 2857 562 2925 jocosius‚
580 2858 630 2911 hoc
648 2858 713 2911 mihi
728 2858 800 2926 juris

100 2936 169 2987 Cum
186 2933 264 2984 vcnia
281 2931 373 2983 dabis:
391 2931 508 2984 insuerit
526 2937 605 2999 pater
623 2934 741 3001 optimus
759 2935 810 2989 hoc
827 2952 876 3005 me,
909 2952 945 2997 111

100 3008 140 3061 111
157 3008 279 3074 fugerem
296 3004 427 3072 exemplis
444 3006 572 3073 vitiorum
590 3025 716 3079 quaeque
733 3010 862 3066 notando.

100 3082 169 3135 Cum
187 3095 230 3133 me
248 3080 411 3146 hortaretur,
428 3095 516 3147 parce,
535 3082 684 3151 frugaliter,
703 3088 786 3155 atque
