2025 3409
95 20 140 94 'ao
361 47 513 96 nonam
531 48 661 97 snnccr

225 124 329 181 Doctus
347 128 460 195 sagittas
477 128 593 182 tendere
611 128 718 183 Sericas
1008 151 1009 200 ς

227 204 302 257 Arcu
317 204 448 271 paterno?
483 203 551 267 Quis
567 207 651 271 neget
667 202 760 258 arduis
918 221 946 262 ιο
1008 203 1009 266 l

259 276 361 331 Pronos
378 277 464 332 relabi
480 294 561 347 posse
578 278 651 332 rivos

293 352 433 407 Montibus
450 357 480 407 et
497 353 617 407 Tiberim
633 352 743 419 reverti,

226 426 294 481 eum
311 430 343 482 tu
361 432 499 496 coemptas
516 428 637 497 undique
654 427 752 482 nobilis

226 501 321 555 Libros
339 503 453 557 Panaeti
471 502 637 558 Socraticam
653 505 684 557 et
701 503 812 557 domum

258 577 368 631 Mutare
383 578 475 632 loricis
495 578 608 633 Hiberis
915 594 943 635 ιε

293 652 432 709 Pollicitus
449 653 563 708 meliora
579 652 691 709 tendisi

225 875 249 931 Ο
267 877 370 943 Vanus,
387 879 481 947 regina
499 879 580 934 Cnidi
599 878 747 949 Paphique‚

224 952 328 1021 Sperne
346 953 474 1008 dilectam
492 954 606 1024 Cypron,
625 960 654 1011 et
670 954 791 1010 vocantis

224 1028 313 1082 'lhurc
330 1031 359 1082 te
375 1030 462 1083 mrssto
480 1030 612 1097 Glycerae
629 1030 755 1102 decoram

258 1103 386 1157 Transfer
403 1104 431 1157 in
449 1106 554 1160 aedem.
743 1105 746 1109 ⁴
1009 1111 1010 1134 ³

225 1177 359 1233 Fervidus
375 1182 466 1233 tecum
484 1196 555 1249 puer
571 1182 601 1233 et
619 1178 714 1233 solutis
922 1195 939 1237 ⁶

224 1252 335 1308 Gratiae
352 1254 426 1308 zonis
442 1258 645 1323 properentque
662 1255 804 1323 Nymphae
1009 1301 1010 1316 t

224 1327 261 1383 lit
277 1346 373 1397 parum
391 1330 474 1383 comis
492 1329 550 1383 sine
567 1332 597 1384 te
613 1328 748 1385 Juventas
1009 1331 1010 1376 l

257 1403 470 1473 Mercuriusque.

455 1544 562 1600 XXXI.

223 1626 298 1690 an
315 1626 469 1681 dedicatum
487 1628 576 1697 poscit
594 1629 750 1697 Apollinem

222 1701 328 1757 Vatesl
346 1701 414 1770 quid
431 1706 491 1756 orat
509 1702 545 1757 de
562 1707 659 1772 patera
674 1720 774 1758 nevum

257 1776 385 1831 Fundens
402 1776 555 1846 liquorem?
589 1778 653 1831 Non
669 1778 775 1848 opimae

290 1851 432 1907 Sardiniae
450 1856 558 1921 segetes
574 1853 686 1920 feraces,

230 1926 292 1981 Non
309 1930 449 1982 aestuosae
466 1931 546 1996 grata
564 1926 705 1982 Calabriae
923 1945 937 1986 t

224 2003 365 2069 Armenta,
383 2019 435 2056 non
452 2019 549 2056 aurum
567 2005 615 2056 aut
632 2002 701 2056 ebm·
718 2002 851 2073 Indicum,

255 2076 282 2130 N
283 2093 318 2131 on
335 2093 400 2131 rura
416 2094 487 2145 quae
505 2077 577 2131 Liris
594 2077 689 2146 quieta

290 2151 403 2206 Mordet
420 2168 492 2221 aqua
508 2152 661 2206 taciturnus
678 2153 771 2221 amnis,

222 2224 351 2280 Premant
369 2224 470 2280 (lalana
486 2227 555 2281 falce
573 2227 672 2296 quibus
690 2228 769 2283 dedit

221 2301 342 2355 Fortuna
359 2301 450 2371 vitem,
468 2302 545 2356 dives
562 2307 592 2356 et
609 2302 699 2357 aureis
912 2320 935 2360 re

255 2376 393 2430 Mercator
410 2376 527 2431 exsiccet
544 2377 651 2431 culullis

289 2450 361 2505 Vina
379 2451 447 2521 Syra
463 2456 592 2521 reparata
608 2467 705 2520 merce,

220 2524 271 2580 Dis
288 2542 366 2581 canus
382 2526 457 2595 ipsis,
475 2527 577 2595 quippe
594 2529 638 2581 ter
654 2531 685 2581 et
701 2530 800 2596 qnater

221 2602 302 2655 Anno
320 2602 441 2658 revisens
458 2617 561 2670 aequor
578 2602 749 2657 Atlanticum

254 2676 378 2744 Impune.
413 2676 460 2729 Me
477 2680 593 2744 pascunt
609 2676 703 2745 olivae,
911 2691 937 2734 le

288 2751 336 2805 Me
352 2751 475 2805 cichorea
491 2752 619 2820 levesque
636 2752 748 2807 malvae.

221 2825 286 2878 Frui
303 2826 405 2893 paratis
422 2829 453 2881 et
470 2826 560 2879 ualido
577 2825 651 2893 mihi,

221 2900 314 2968 Latois,
331 2900 415 2953 dones
433 2903 462 2953 et
479 2916 577 2969 precor
593 2901 702 2970 integra

255 2974 326 3028 Corn
342 2978 442 3040 mente,
459 2990 511 3027 nec
526 2978 638 3043 turpem
655 2980 792 3031 senectam

289 3047 396 3115 Degere
412 3062 464 3101 nec
480 3048 586 3101 cithara
602 3053 747 3105 carentem.
908 3072 935 3113 ω
