2025 3409
359 50 513 101 HORATII
530 50 661 103 mccl

190 126 361 184 Exercitatus
378 134 426 185 aut
442 130 515 198 petit
532 132 627 197 Syrtes
644 131 726 196 Noto,

224 205 284 257 Aut
300 204 389 258 fertur
405 205 510 258 incerto
526 205 602 258 mari.

190 277 350 347 Cepeoiores
366 278 432 333 affer
449 274 510 347 huo,
526 296 603 348 puer,
621 280 735 349 scyphos

225 354 262 409 Et
279 354 349 410 chia
364 355 426 409 vine
442 358 491 409 sut
508 355 614 410 Lesbis.

192 427 251 496 Vel,
268 430 342 498 quod
359 429 488 484 fluentem
505 447 634 485 naussum
651 435 782 500 coereeat,
914 448 942 488 rs

225 503 325 558 Metire
342 504 421 559 nobis
438 506 606 563 Caecubum:

192 577 291 633 Curam
308 584 467 651 metumque
485 582 609 636 (laeseris
626 598 716 636 rerum
730 581 811 649 juvat

225 653 305 707 Dulci
323 654 411 721 Lyaeo
429 656 541 713 solvere.

191 879 278 935 Mirm
295 883 383 935 solutu
399 882 475 937 nevis
492 883 550 936 exit
566 883 633 937 alite

227 957 328 1011 Ferens
345 957 464 1012 olentem
483 958 630 1012 Maesium:

191 1031 232 1087 Ut
249 1032 366 1086 horridis
383 1036 532 1102 utrumque
549 1032 678 1087 verberes
693 1034 773 1101 latus,

227 1109 337 1176 Auster,
354 1111 492 1163 memento
509 1107 651 1162 fluctibus!

192 1183 278 1252 Niger
294 1183 426 1238 rudentes
444 1183 535 1237 Eurus
552 1183 659 1237 inverso
676 1182 745 1237 meri
934 1200 949 1240 r

227 1258 393 1328 Frsetosque
410 1274 500 1313 remos
519 1258 643 1323 differut3

193 1334 322 1403 Insurgat
339 1334 441 1402 Aquilo
458 1337 577 1401 quantus
593 1333 657 1387 ultis
674 1332 810 1387 montibus

228 1409 341 1477 Frangit
356 1412 509 1463 trementes
525 1408 618 1474 iliees;

193 1484 219 1538 N
221 1501 252 1538 eo
270 1485 345 1539 sidus
363 1488 424 1539 atra
441 1488 521 1538 nocte
539 1484 655 1537 amioum
672 1487 803 1551 appareat

227 1560 287 1624 Qua
302 1560 391 1615 tristis
409 1559 493 1613 Orion
511 1559 602 1624 oedit;
925 1576 951 1616 ro

192 1635 332 1700 Quietiora
349 1651 399 1689 nee
417 1635 521 1688 seratur
538 1650 656 1704 aequore

227 1710 314 1775 Quum
332 1710 415 1764 Greia
432 1711 565 1763 victorum
582 1726 685 1775 manus,

192 1786 261 1841 Cum
280 1785 370 1839 Pallas
386 1788 449 1839 usto
466 1785 551 1840 vertit
567 1785 636 1838 irem
653 1784 688 1838 ab
707 1783 758 1839 llio

227 1861 261 1913 In
278 1861 388 1929 impiam
407 1860 502 1929 Ajaeis
519 1864 621 1915 ratem!

192 1936 216 1989 0
234 1940 352 2003 quantus
369 1936 454 1989 instet
471 1936 571 1989 navitis
589 1934 672 1988 sudor
690 1936 751 1999 tuis,
925 1952 952 1995 u

226 2010 340 2079 'libique
357 2010 443 2079 pellor
459 2010 551 2063 luteus

191 2085 229 2139 Et
246 2085 292 2138 ille
307 2102 362 2139 nou
379 2084 464 2139 virilis
481 2084 595 2152 ejulatio

226 2160 325 2214 Preces
342 2163 371 2213 et
388 2176 514 2214 aversum
530 2160 566 2213 sd
584 2159 690 2227 lovem,

191 2235 285 2289 Ionius
302 2236 357 2290 udo
374 2251 435 2289 eum
452 2235 607 2303 remugiens
625 2235 697 2289 sinus

225 2311 298 2364 Noto
315 2311 432 2365 camnem
449 2311 570 2379 ruperit!
921 2323 954 2365 κ

192 2384 289 2455 Opima
306 2386 403 2455 quodsi
420 2385 523 2454 praede
539 2400 622 2438 curro
639 2384 733 2439 littore

226 2461 355 2515 Porreote
372 2478 478 2529 mergos
492 2460 607 2529 juveris,

192 2536 364 2591 Libidinosus
381 2536 564 2589 immolabitur
581 2551 661 2603 esper

226 2613 263 2666 Et
280 2629 349 2680 agna
367 2611 593 2680 Tempestatibus.

484 2752 534 2806 XI.

157 2838 250 2902 Purrr,
266 2836 335 2890 nihil
351 2852 396 2889 me
414 2835 483 2889 sicut
501 2840 582 2890 antea
594 2835 675 2904 juvat

191 2912 316 2965 Scribere
333 2911 478 2964 versiculos
496 2927 588 2965 umore
605 2927 763 2979 percussum
779 2911 866 2981 gravi,

157 2987 260 3040 Amore
277 2985 324 3052 qui
341 3001 385 3037 me
402 2988 513 3053 praeter
529 3001 623 3039 omues
640 2985 746 3053 expetit

191 3057 319 3111 Mollibus
335 3058 365 3109 in
381 3059 473 3124 pueris
489 3063 538 3113 eut
554 3060 582 3112 in
599 3060 697 3129 puellis
713 3076 799 3121 urere
