2025 3409
407 66 622 116 SATIRARUM
640 68 678 115 II.
697 68 719 117 7.
911 67 956 113 155

101 142 175 197 Cum
192 147 223 198 te
239 144 370 198 formidet
384 145 483 198 mulier
500 162 590 215 noque
611 146 705 200 credat
721 147 829 213 amanti,
934 158 957 199 ot

101 218 165 271 lbis
182 218 235 271 sub
250 218 356 272 furcam
373 220 495 287 prudeus
511 221 675 289 dominoque
692 220 795 276 furenti

6 346 12 364 ,
100 294 267 349 Committes
279 312 338 348 rem
350 312 458 350 omnem
472 300 502 349 et
512 298 597 350 vitam
610 300 712 351 etcum
725 313 837 365 corpore
848 296 954 349 famam.

99 370 206 437 Evasti,
224 370 308 424 credo
327 374 435 424 metues
454 371 608 441 doctusque
630 371 750 426 cavebis:

99 445 226 509 Quaeres
244 446 355 514 quando
373 447 475 500 iterum
494 463 595 515 paveas
613 448 767 516 iterumque
785 447 876 515 perire

99 521 203 587 Possis,
221 537 238 574 o
255 522 339 575 toties
357 527 466 575 servus!
487 522 564 587 Quae
582 522 672 576 bellua
689 522 785 591 ruptis,
932 539 955 578 ro

3 590 10 610 ‘
98 597 171 649 Cum
190 597 276 650 semel
295 597 398 665 cffugit,
415 598 510 652 reddit
530 615 559 652 se
577 615 661 667 prava
677 599 797 652 catenisl

98 672 125 723 N
127 688 164 724 on
176 688 237 725 sum
249 673 386 741 moechae,
397 674 445 727 ais.
481 675 579 742 Neque
592 690 643 741 ego
654 674 763 727 hercule
775 673 820 726 iur
831 672 878 725 ubi
890 690 954 726 vasa

99 746 250 800 Praetereo
269 749 377 816 sapiens
395 753 540 816 argentea:
560 750 626 823 tolle
643 749 781 817 periclum,

97 823 117 874 J
119 839 166 875 am
184 839 254 890 vaga
271 824 395 891 prosiliet
411 824 495 877 frenis
514 827 612 878 natura
629 825 748 878 remotis.

4 935 10 974 Ι.
97 898 177 951 Tune
195 898 264 951 mihi
282 898 415 965 dominus,
434 916 526 953 rerum
544 900 665 968 imperiis
682 899 875 968 hominumque
930 915 952 954 u

4 1016 8 1051 .·
97 972 153 1026 Tot
169 974 311 1041 tantisque
328 974 425 1041 minor,
444 992 527 1042 quem
545 978 590 1028 ter
606 975 727 1028 vindicta
744 978 895 1043 quaterque

97 1048 234 1116 Imposita
254 1048 327 1101 haud
344 1066 465 1117 unquam
483 1050 583 1103 misera
600 1050 745 1103 formidine
763 1050 869 1118 privetu

97 1123 184 1177 Adde
202 1140 285 1191 super
302 1124 384 1177 dietis
402 1124 477 1193 quod
493 1142 547 1178 non
563 1126 650 1179 levius
668 1125 771 1178 voleat:
790 1141 852 1177 uam

97 1198 163 1252 Sive
181 1199 299 1253 vicarius
317 1203 361 1252 est
382 1200 430 1268 qui
448 1216 526 1253 seruo
544 1206 631 1268 paret,
649 1201 692 1253 uti
709 1216 766 1253 mos

20 1275 24 1280 ’
96 1273 202 1328 Vester
213 1274 260 1341 ait,
274 1290 323 1327 seu
335 1291 495 1339 conservus3
513 1274 565 1329 tibi
578 1275 644 1343 quid
656 1292 715 1328 sum
728 1276 796 1342 egoi
827 1274 933 1342 Nempe

96 1348 140 1403 Τιι
158 1350 225 1402 mihi
243 1349 290 1418 qui
310 1350 451 1418 imperitas
469 1350 516 1403 alii
535 1351 620 1403 servis
639 1352 722 1404 misor
742 1354 825 1417 atque
927 1365 948 1403 sl

6 1475 10 1482 ,
96 1425 215 1479 Ducoris
233 1429 266 1479 ut
282 1426 374 1479 nervis
391 1425 489 1479 alienis
506 1426 607 1479 mobile
623 1426 734 1493 lignum.

97 1500 231 1564 Quisnam
248 1501 335 1569 igitur
352 1500 441 1555 libert
477 1502 591 1569 Sapiens
610 1501 662 1555 sibi
680 1502 727 1570 qui
745 1501 912 1570 imperiosus,

97 1576 187 1640 Quem
195 1593 285 1644 neque
293 1578 437 1644 pauperies
447 1593 536 1644 neque
545 1593 617 1629 mors
626 1593 715 1645 neque
724 1576 829 1630 vincula
838 1578 949 1642 terrent,

97 1650 272 1723 Responsarq
289 1651 470 1720 cupidinibus,
488 1656 662 1705 contemnere
680 1652 795 1705 honores
925 1666 949 1705 8⁵

96 1725 198 1794 Fortis,
216 1730 246 1780 et
263 1726 291 1779 iu
310 1743 340 1780 sc
357 1727 416 1795 ipso
433 1731 516 1794 totns,
535 1732 615 1793 teres,
634 1731 717 1795 atque
734 1725 873 1793 rotundus,

95 1800 215 1855 Externi
233 1801 354 1870 nequid
372 1802 461 1855 valeat
478 1818 529 1868 per
546 1802 605 1855 leve
624 1802 730 1867 morari,

96 1876 133 1929 In
150 1894 232 1944 quem
250 1894 347 1931 manca
363 1877 421 1930 ruit
438 1894 547 1946 semper
564 1878 678 1931 fortuna.
716 1878 831 1930 Potesne

96 1952 141 2005 Ex
158 1952 201 2005 his
218 1956 251 2006 ut
267 1953 408 2021 proprium
427 1952 494 2020 quid
511 1954 642 2005 nosceret
680 1952 803 2020 Quinque
821 1952 925 2006 talenta

4 2046 8 2053 ¹
95 2026 190 2081 Poscit
206 2031 237 2081 te
253 2027 359 2094 mulier,
377 2031 460 2081 verat
477 2027 633 2095 foribusque
651 2026 789 2095 repulsum
925 2043 948 2082 so

95 2101 244 2157 Perfundit
262 2100 361 2171 gelida,
379 2120 474 2156 rursus
492 2106 586 2167 voeat3
605 2102 680 2170 eripe
696 2102 770 2170 turpi

95 2178 174 2232 Colla
186 2177 270 2247 jugo;
289 2178 380 2246 Liber,
397 2178 468 2231 liber
485 2194 553 2245 sum,
572 2178 616 2231 dic
634 2193 691 2245 age.
726 2177 751 2229 N
753 2193 788 2230 on
805 2180 880 2246 quis;

94 2253 189 2320 Urget
207 2254 279 2307 enim
299 2253 425 2306 dominus
442 2256 563 2306 mentem
581 2269 634 2305 non
651 2252 719 2305 lenis
737 2257 766 2306 et
784 2270 859 2307 acres
912 2283 918 2290 ·

94 2328 240 2396 Subjectat
257 2329 329 2382 lasso
350 2328 475 2382 stimulos
493 2331 639 2395 versatque
658 2331 808 2395 negantem.

93 2402 149 2456 Vel
168 2421 230 2457 cum
249 2403 379 2457 Pausiaca
396 2407 496 2471 torpes,
515 2404 616 2468 insane,
634 2402 742 2470 tabella,
926 2421 948 2460 ss

93 2478 149 2543 Qui
168 2496 264 2547 peccas
282 2480 372 2531 minus
389 2483 472 2547 atqua
490 2494 548 2546 ego,
567 2494 628 2531 oum
647 2478 725 2530 Fulvi
744 2477 925 2547 Rutubaeque

93 2556 156 2608 Aut
176 2554 332 2608 Pacideiani
349 2558 477 2607 contento
495 2553 599 2623 poplite
618 2553 701 2606 miror

93 2630 204 2683 Proelia
221 2630 332 2683 rubrica
348 2630 424 2699 picta
441 2633 489 2682 aut
506 2628 630 2696 carbone,
649 2628 723 2681 uelut
741 2629 763 2681 si

92 2706 138 2759 Re
154 2722 220 2759 vcra
237 2709 367 2774 pugnent,
386 2706 494 2771 feriant,
513 2706 655 2772 vitentque
672 2707 813 2758 moventes

93 2783 184 2835 Arma
200 2782 271 2836 viril
307 2781 434 2849 Nequam
453 2783 483 2833 ct
500 2784 619 2833 cessator
636 2779 744 2844 Davus;
761 2783 792 2834 at
808 2780 867 2849 ipse
915 2796 947 2837 roo

92 2857 209 2913 Subtilis
226 2860 352 2910 veterum
365 2856 454 2924 judex
473 2858 502 2909 et
520 2855 633 2925 callidus
651 2854 736 2909 audis.

91 2932 142 2987 Nil
159 2948 211 3001 ego
229 2932 253 2985 si
272 2932 358 2985 ducor
374 2930 430 2984 libo
447 2929 582 2984 fumante:
601 2929 651 2982 tibi
669 2930 763 2997 ingens

92 3008 193 3062 Virtus
210 3009 294 3075 atque
312 3007 417 3059 animus
435 3006 526 3057 coenis
544 3008 686 3072 responsat
703 3005 799 3072 opimis

92 3082 265 3198 Obpequinm
282 3081 386 3134 ventris
404 3079 469 3132 mihi
486 3078 661 3147 perniciosius
679 3083 723 3131 est
739 3080 807 3135 curi

151 3158 166 3202 8
