2025 3409
95 70 140 118 186
367 70 521 119 HORATII
538 72 669 121 sunuel

93 150 150 203 Gur
167 152 231 218 eget
248 150 374 218 indignus
392 152 536 219 quisquam
553 156 583 206 te
601 152 707 207 divitel
743 153 833 216 Qrmre

93 223 204 293 Templa
220 231 303 278 ruunt
320 226 433 295 antique
450 228 552 281 dcuml
589 228 652 291 Cur,
670 228 800 296 improbe,
817 245 898 283 err-oe

92 298 154 351 Non
171 300 275 368 aliquid
292 302 397 369 patriae
415 307 493 356 tanto
511 302 632 356 emetiris
650 305 764 358 acervol
912 320 953 361 ree

92 373 147 427 Uni
163 375 290 428 nimirum
307 381 383 431 recte
399 377 450 431 tibi
469 394 579 447 semper
597 382 677 431 erunt
693 395 745 433 res.

92 448 116 503 0
133 466 247 518 magnus
264 452 375 521 posthoc
392 451 507 507 inimicis
525 453 612 507 risus!
650 454 755 507 Uteme

97 524 139 579 Ad
156 543 233 579 casus
251 527 348 580 dubios
365 528 434 581 fidet
450 528 502 581 sibi
520 528 639 583 ccrtiusi
676 527 730 581 Hie
748 529 795 597 qui

92 599 219 655 Pluribus
236 602 359 657 adsuerit
376 608 497 657 mentem
516 620 668 673 corpusque
687 604 842 673 superbum,

91 676 137 730 An
155 678 202 746 qni
219 681 362 732 contentus
379 695 463 747 parve
481 683 661 747 metuensque
678 679 764 732 futuri
909 695 948 736 ue

92 751 126 804 ln
143 769 209 820 pace
226 758 258 807 ut
275 754 384 822 sapiens
401 756 503 823 aptarit
520 754 617 808 idonea
634 754 726 808 belloi

91 826 150 890 Quo
168 829 254 895 magis
271 829 314 882 his
331 830 434 896 eredas,
452 847 522 899 puer
538 829 611 883 hunc
628 846 678 897 ege
695 845 796 899 parvus
814 828 936 884 Ofellam

91 904 210 971 Integris
228 904 323 972 opibus
340 906 402 959 nevi
419 922 474 958 nen
491 905 574 959 latius
592 921 671 958 usum

54 1025 57 1030 .
91 978 177 1041 Quem
194 996 266 1034 nunc
283 981 382 1034 accisis.
417 980 521 1035 Videas
539 984 643 1034 metato
661 981 689 1033 in
707 980 794 1047 agello

90 1053 158 1107 Cum
175 1071 272 1123 pecore
289 1060 318 1109 et
335 1055 425 1123 gnatis
441 1057 541 1109 fortem
559 1056 686 1110 mercede
703 1055 834 1122 colonum,
906 1072 945 1113 ns
1009 1077 1010 1087 ¹

89 1129 103 1154 “
111 1130 137 1182 N
139 1147 173 1183 en
191 1131 263 1198 ego,”
275 1135 440 1198 narrantem,
454 1131 581 1185 “temere
599 1131 645 1185 edi
662 1131 723 1185 luce
740 1133 861 1200 profesta

90 1203 244 1275 Quidquam
261 1211 371 1275 praeter
387 1207 447 1260 elus
464 1207 585 1261 fumosae
602 1224 664 1260 eum
681 1206 752 1275 pede
769 1224 878 1275 pernae

90 1282 132 1334 Ac
149 1282 215 1335 mihi
232 1299 281 1335 seu
297 1282 408 1350 longum
425 1285 488 1351 pest
505 1286 614 1349 tempus
631 1286 745 1336 venerat
761 1282 867 1351 hospes,

89 1356 152 1411 Sive
169 1375 281 1426 eperum
298 1375 381 1412 vacuo
398 1361 493 1426 gratus
511 1358 623 1411 conviva
639 1370 690 1426 per
707 1357 823 1411 imbrem

90 1431 207 1499 Vicinus,
225 1433 295 1487 b'ene
313 1436 373 1487 erat
391 1450 444 1487 nen
461 1432 581 1501 piscibus
598 1432 666 1486 urbe
684 1434 787 1502 petitis,
904 1450 941 1490 ln

89 1508 144 1562 Sed
160 1509 233 1577 pullo
250 1513 334 1577 atquc
352 1509 453 1574 haed03
470 1512 531 1561 tum
548 1508 659 1577 pensilis
676 1525 730 1563 uva
746 1507 879 1563 secundus

89 1584 125 1636 lit
141 1601 197 1637 nux
214 1584 328 1638 ornabat
345 1601 451 1637 mensas
469 1601 531 1637 eum
549 1584 657 1652 duplice
674 1584 734 1640 ficu.

90 1659 155 1713 Post
171 1659 222 1713 hec
239 1660 320 1714 ludus
337 1664 397 1713 erat
414 1660 494 1727 eulpa
511 1663 607 1727 potare
624 1660 763 1728 magistra,

89 1735 130 1788 Ae
147 1739 275 1789 venerata
293 1736 376 1790 Ocres
394 1735 434 1789 ita
451 1734 540 1788 culmo
558 1739 683 1802 surgeret
700 1735 763 1801 alte,

88 1809 224 1878 Explicuit
240 1811 302 1864 vine
319 1814 473 1864 contractae
491 1810 563 1864 serie
580 1811 685 1864 frontis,
794 1877 796 1880 Ι
903 1826 937 1866 nt

87 1884 195 1938 Saeviet
212 1889 295 1954 atque
312 1902 394 1939 noves
412 1889 520 1938 moveat
539 1886 661 1939 llortune
679 1885 819 1951 tumultus,

87 1960 223 2025 Quantum
233 1962 295 2015 hinc
303 1962 462 2015 imminuet?
479 1961 586 2025 Quanto
593 1965 641 2015 eut
648 1978 699 2029 ege
706 1962 813 2028 parcius
823 1964 935 2030 autres,

87 2035 110 2089 O
128 2038 213 2105 pueri,
230 2037 349 2090 nituistis
366 2040 399 2090 ut
415 2036 468 2089 huc
486 2052 570 2089 novus
588 2036 675 2088 incola
692 2036 786 2088 reniti
855 2102 858 2111 Ι

86 2111 157 2165 Nam
173 2113 298 2180 propriae
316 2112 422 2165 telluris
440 2112 536 2164 herum
554 2115 652 2165 nature
670 2128 759 2179 neque
775 2111 858 2163 illuml

86 2186 111 2239 N
113 2204 144 2241 ec
161 2204 205 2241 me
221 2204 270 2241 nec
287 2204 450 2256 quemquem
469 2186 580 2240 statuit:
598 2204 647 2239 nos
665 2186 769 2253 expulit
786 2187 847 2252 ille;
901 2202 936 2242 nse

87 2262 167 2315 lllnm
184 2267 232 2316 aut
249 2263 384 2330 nequities
401 2269 449 2315 aut
466 2262 535 2314 vafri
553 2262 659 2315 inscitia
672 2261 752 2329 juris,

86 2338 256 2393 Postremum
274 2338 393 2405 expellet
411 2340 486 2390 certe
502 2337 621 2391 vivacior
638 2337 726 2391 heres.

84 2413 109 2465 N
112 2430 163 2467 unc
180 2431 245 2481 ager
263 2412 396 2466 Umbreni
414 2412 464 2465 sub
482 2413 598 2481 nemine,
615 2429 703 2481 nuper
721 2411 825 2466 Ofellae

85 2488 187 2557 Dictus,
205 2489 259 2542 erit
275 2488 342 2540 nulli
359 2488 492 2556 proprius,
511 2488 561 2541 sed
578 2488 660 2542 cedet
676 2488 704 2540 in
721 2504 801 2540 usum

84 2564 108 2617 N
112 2582 164 2619 unc
181 2565 248 2618 mihi
265 2580 336 2616 nunc
353 2564 406 2617 alii.
442 2563 573 2627 Quocirca
590 2563 673 2616 vivite
690 2563 776 2616 fortes
899 2577 934 2619 ω

83 2639 231 2707 Fortiaque
248 2638 369 2692 adversis
386 2638 516 2707 opponite
533 2641 644 2708 pectora
661 2638 764 2692 rebus'’

479 2772 536 2827 ΙΙΙ.

82 2859 150 2911 “Sre
167 2875 229 2911 raro
247 2860 349 2927 scribis,
365 2863 398 2912 ut
414 2864 473 2913 tote
491 2878 544 2913 non
563 2866 661 2929 quater
678 2880 748 2917 anno
767 2898 772 2909 x

83 2932 268 2984 Membranam
285 2949 386 2999 poscas,
405 2937 566 3001 scriptorum
585 2953 711 3005 quaeque
727 2942 864 3011 retexens,

84 3005 175 3057 Iratus
192 3005 244 3056 tibi
262 3006 336 3071 quod
354 3007 408 3058 sini
426 3010 566 3077 somnique
585 3010 719 3079 benignus

82 3076 130 3129 Nil
147 3077 258 3144 dignum
276 3094 398 3132 sermone
414 3096 501 3135 eonas
536 3084 610 3147 Quid
626 3086 693 3141 fieti
728 3090 770 3143 At
786 3088 855 3158 ipsis
