2025 3409
362 68 515 117 HORATII
533 70 661 121 FLACCI

260 146 374 201 Excisus
393 150 511 217 Argivis,
529 153 574 204 ter
590 169 660 206 uxor

294 222 381 291 Capta
398 224 485 277 virum
503 241 656 295 puerosque
672 228 769 295 ploret

225 295 287 350 Non
306 297 355 351 hoe
368 298 479 365 jocosae
497 303 640 357 conveniet
657 304 744 371 lyrae:

226 370 292 438 Quo,
312 372 398 441 Musa,
416 375 527 429 tendis?
562 376 663 431 Desine
680 381 806 447 pervitax

260 447 373 503 Referre
391 466 531 505 sermones
548 452 660 506 deorum
678 460 707 507 et

294 524 394 592 Magna
410 526 498 579 modis
517 530 631 582 tenuare
648 530 746 597 parvis,

485 665 537 721 IV.

224 744 374 799 Dnsennnn
391 748 464 801 eaelo
482 752 511 802 et
529 750 574 803 die
591 768 642 818 age
658 751 728 806 tibia

226 820 333 889 Regina
348 822 458 890 longum
476 824 596 893 Calliope
614 828 705 895 melos,

258 897 313 950 Seu
330 914 395 951 voee
413 915 485 953 nune
501 901 587 955 mavis
604 906 691 970 acuta,

292 971 348 1027 Seu
365 972 464 1026 fidibus
482 975 639 1045 citharaque
658 978 769 1036 Phoebi.

225 1047 343 1117 Auditis,
360 1064 396 1102 an
413 1066 458 1103 me
476 1050 547 1104 ludit
564 1053 687 1107 amabilis

226 1123 354 1179 Insanial
389 1124 495 1179 Audire
514 1130 544 1180 et
560 1127 655 1181 videor
671 1130 731 1197 pios

258 1199 356 1253 Errare
372 1216 423 1269 per
440 1200 514 1254 lueos
531 1218 661 1258 amoenae

129 1308 130 1311 =
292 1275 365 1338 Quos
382 1280 411 1329 et
429 1292 516 1343 aquae
534 1278 651 1333 subeunt
669 1284 697 1333 et
715 1298 805 1337 aronae.

223 1346 270 1403 Me
286 1350 424 1404 fabulosae
442 1350 560 1406 Vulture
577 1353 606 1407 in
625 1356 716 1423 Apulo

224 1424 336 1477 Altrieis
353 1428 431 1479 extra
449 1426 531 1480 limen
549 1429 666 1497 Apuliae

255 1498 334 1553 Ludo
351 1500 550 1571 fatigatumque
568 1520 661 1558 somno

259 1630 261 1633 ,
291 1574 398 1628 Fronde
415 1592 485 1630 nova
501 1594 616 1645 puerum
633 1582 791 1649 palumbesv

223 1646 335 1718 Tenere,
353 1650 451 1704 mirum
469 1653 544 1720 quod
560 1654 632 1708 foret
649 1658 782 1726 omnibus,

226 1722 384 1792 Quicunque
402 1726 488 1780 celsae
506 1729 600 1782 nidum
619 1731 801 1790 Acherontine

255 1798 400 1867 Saltusque
419 1801 550 1857 Bantinos
568 1808 598 1858 et
614 1822 710 1860 arrum

290 1875 393 1943 Pingue
411 1880 506 1932 teuent
524 1879 632 1933 humilis
651 1882 769 1953 Forenti,

221 1948 262 2002 Ut
279 1953 340 2004 tuto
358 1951 393 2004 ab
410 1953 477 2006 atris
494 1970 607 2022 corpore
624 1957 724 2024 viperis

220 2023 372 2079 Dormirem
392 2030 421 2081 et
438 2029 516 2095 ursis,
535 2034 567 2083 ut
583 2045 723 2097 premerer
740 2051 817 2090 saera

256 2099 400 2169 Lauroque
418 2102 570 2173 collataque
588 2110 684 2174 myrto,

287 2174 349 2227 Non
368 2178 425 2230 sine
443 2176 486 2230 dis
503 2180 639 2233 animosus
657 2182 751 2237 infans

219 2246 328 2317 Vester,
347 2250 489 2321 Camenae,
507 2259 600 2308 vester
616 2256 644 2308 in
662 2258 762 2313 arduos

220 2323 310 2376 Tollor
327 2325 449 2394 Sabinos,
468 2344 517 2381 seu
534 2330 601 2383 mihi
618 2331 749 2399 frigidum

254 2398 402 2454 Praeneste
421 2418 469 2455 seu
487 2402 572 2456 Tibur
589 2407 716 2475 supinum

287 2474 341 2528 Seu
359 2476 479 2544 liquidae
495 2478 621 2546 placuere
639 2482 732 2538 Baiae.

218 2547 325 2602 Vestris
343 2552 459 2603 amioum
476 2552 596 2608 fontibus
614 2560 643 2610 et
660 2558 748 2612 choris

218 2623 280 2677 Non
298 2641 342 2679 me
361 2625 493 2695 Philippis
510 2644 589 2681 versa
606 2632 678 2685 acies
694 2639 778 2704 retro,

252 2698 360 2753 Deiota
376 2717 430 2753 non
448 2702 580 2757 exstinxit
597 2695 685 2773 arbos,

286 2774 313 2827 N
315 2790 346 2828 ec
365 2775 454 2830 Sicula
473 2776 615 2832 Palinurus
633 2783 714 2836 unda

217 2848 364 2916 Utcunque
381 2866 486 2903 meeum
504 2868 552 2904 vos
570 2855 654 2920 eritis,
671 2858 760 2915 libens

216 2921 401 2975 Insanientem
418 2926 510 2976 navita
528 2926 679 2992 Bosporum

252 2993 375 3046 Tentabo
393 3000 422 3049 et
439 3000 552 3056 urentes
569 3014 665 3054 arenas

286 3064 401 3119 Littoris
421 3069 526 3135 Assyrii
543 3070 646 3138 viator3
