2025 3409
398 40 467 90 ARS
483 39 645 90 Poenos.
903 43 948 92 2⁰1

97 121 185 186 Quem
202 135 287 189 penes
304 119 450 174 arbitrium
467 123 512 175 est
529 123 559 175 et
572 120 620 189 jus
638 123 668 175 et
686 137 782 176 norma
798 120 935 191 loquendi.

97 196 154 250 ltes
170 199 267 263 gestae
285 210 437 265 regumque
455 196 612 265 ducumque
629 200 660 250 et
676 194 769 251 tristia
785 196 858 251 bella

97 271 156 336 Quo
175 269 257 324 scribi
274 274 387 339 possent
404 287 518 326 numero
536 271 700 327 monstravit
719 272 863 328 Homerus

18 405 19 420 1
96 346 232 401 Versibus
249 341 392 414 impariter
404 346 510 414 junctis
528 347 698 416 querimonia
714 348 841 417 primum,
929 366 952 406 re

18 425 19 428 ’
97 424 164 477 Post
182 422 266 477 etiam
283 420 386 475 inclusa
403 426 447 476 est
464 422 523 477 voti
541 423 680 477 sententia
697 440 818 492 compos:

97 498 164 563 Quis
179 501 274 552 tammr
291 496 405 565 exiguos
422 498 515 566 elegos
533 499 658 553 emiserit
674 503 778 567 auctor,

96 573 275 629 Grammatici
292 577 399 627 certant
416 576 445 627 et
461 574 552 627 adhuc
569 574 729 643 subjudice
745 574 780 628 lis
797 579 846 631 est

97 648 291 703 Archilochum
308 649 418 717 proprio
435 648 527 703 rabies
544 650 660 703 armavit
676 649 782 715 iambo;

97 725 179 778 Hune
197 725 268 779 socci
285 740 384 793 cepere
401 725 501 793 pedem
518 724 691 795 grandesque
709 725 841 795 cothurni,
928 741 951 780 se

97 799 223 854 Alternis
239 803 335 869 aptum
353 800 524 854 sermonibus
542 803 572 854 et
588 801 733 868 populares

96 875 260 930 Vincentem
278 878 410 944 strepitus
428 879 459 929 et
475 879 572 930 natum
589 876 671 930 rebus
689 876 808 945 agendis.

95 951 179 1005 Musa
196 950 276 1005 dedit
293 950 396 1005 fidibus
414 951 491 1005 diros
508 968 663 1021 puerosque
681 952 795 1006 deorum

11 1079 12 1088 ,
95 1028 135 1081 Et
151 1028 273 1098 pugilem
291 1027 422 1082 victorem
440 1030 470 1081 et
487 1044 588 1096 equum
605 1029 754 1083 certamine
770 1029 888 1098 primum

96 1104 136 1158 nt
148 1102 281 1172 juvenum
299 1120 379 1157 curas
396 1106 426 1157 et
443 1103 530 1157 libera
547 1104 610 1159 rina
626 1104 736 1160 referre.
926 1119 949 1159 sa

96 1179 251 1250 Diseriptas
268 1195 378 1234 serrare
395 1180 468 1234 vices
485 1196 652 1249 operumque
669 1180 774 1235 colores

9 1281 10 1310 l
96 1256 155 1311 Gur
172 1273 223 1325 ego
242 1257 266 1310 si
283 1272 389 1325 nequeo
407 1256 557 1325 ignoroque
574 1260 656 1325 poeta
673 1256 794 1311 salutorl

8 1369 9 1374 κ
96 1332 155 1387 Gur
171 1332 278 1387 nescire
294 1332 402 1401 pudens
419 1348 503 1400 prave
521 1348 603 1399 quam
621 1332 725 1386 discere
742 1332 832 1386 maloi

96 1408 232 1462 Versibus
250 1408 349 1477 exponi
366 1408 479 1476 tragicis
496 1424 541 1462 res
558 1407 661 1462 comica
677 1424 731 1461 non
748 1408 823 1472 vult;

95 1484 265 1553 indignatur
282 1484 351 1538 item
367 1483 482 1552 privatis
499 1500 532 1537 ae
548 1500 633 1553 prope
649 1499 728 1538 soeco
922 1493 946 1533 ⁹⁰

6 1561 7 1572 ²
96 1558 196 1629 Dignis
213 1560 378 1615 carminibus
395 1559 501 1613 narrari
518 1576 602 1615 eoena
619 1560 758 1629 Thyestae

6 1639 7 1644 ’
96 1636 210 1705 Singula
227 1652 352 1705 quaeque
370 1634 458 1690 locum
475 1638 589 1690 teneant
606 1638 702 1691 sortita
720 1637 855 1692 decenter.

97 1712 244 1767 Interdum
261 1715 355 1766 tamen
373 1716 403 1766 ct
419 1727 514 1766 rocem
533 1712 672 1766 comoedia
689 1712 768 1781 tollit,

97 1789 244 1859 Iratmque
263 1787 394 1843 Chremes
412 1787 518 1842 tumido
536 1786 663 1855 delitigat
680 1803 742 1852 ore;

95 1864 136 1918 Et
151 1866 272 1933 tragicus
289 1864 451 1933 plerumque
468 1863 545 1917 dolet
564 1878 687 1918 sannone
704 1862 828 1932 pedestri
925 1878 948 1919 so

95 1939 233 2009 Telephus
250 1943 281 1994 et
299 1939 404 2007 Peleus,
423 1956 485 1994 cum
502 1955 607 2009 pauper
623 1941 653 1992 et
671 1939 748 1993 cxsrrl
765 1942 882 2009 uterque

5 2031 7 2090 l
95 2014 212 2083 Projieit
229 2014 363 2084 ampullas
382 2018 412 2069 et
431 2014 631 2084 sesquipedalia
651 2013 741 2083 rerba,

95 2090 127 2145 Si
146 2095 224 2146 curat
243 2107 291 2146 eor
309 2091 459 2160 spectantis
479 2091 605 2159 tetigisse
623 2091 743 2160 querela.

94 2166 161 2222 Non
179 2168 245 2222 satis
262 2171 305 2222 est
324 2167 438 2237 pulchra
454 2183 515 2221 esse
532 2171 674 2236 potmatm
690 2166 781 2221 dulcia
799 2174 879 2223 sunto

94 2244 135 2298 Et
154 2260 315 2314 quoeunque
334 2243 427 2298 volent
444 2243 565 2297 animum
582 2243 715 2297 auditoris
734 2247 843 2312 agunto,
916 2262 948 2301 ruo

94 2319 137 2374 Ut
154 2320 308 2375 ridentibus
325 2320 457 2387 arrident,
476 2320 517 2373 ita
535 2318 663 2373 flentibus
681 2319 782 2373 adsunt

95 2395 219 2450 Humani
236 2397 343 2451 vultus:
362 2397 386 2450 si
403 2397 444 2450 ris
463 2412 508 2450 mc
527 2396 594 2450 flere
611 2394 759 2450 dolendum
777 2399 821 2450 est

94 2470 219 2527 Primum
237 2473 289 2543 ipsi
308 2472 375 2527 tibiz
393 2477 459 2527 tune
476 2477 526 2527 tua
542 2488 587 2525 me
603 2472 751 2527 infortunia
767 2472 886 2542 laedent,

94 2546 215 2617 Telephe
233 2548 277 2603 rel
296 2548 395 2615 Peleu3
412 2548 483 2602 mule
500 2548 524 2601 si
544 2548 673 2602 mandata
690 2548 809 2616 loqueris

93 2624 156 2677 Aut
173 2624 327 2679 dormitabo
344 2628 393 2678 aut
409 2624 514 2678 ridebo.
549 2622 649 2677 Tristia
666 2628 801 2678 maestum
914 2639 947 2680 ros

93 2698 211 2753 Vultum
229 2700 313 2755 verba
330 2700 437 2769 decent,
454 2700 556 2753 iratum
573 2699 653 2767 plena
670 2698 814 2767 minarum,

93 2774 251 2830 Ludentem
268 2775 375 2843 lasciva,
394 2791 520 2829 severum
537 2774 610 2828 seria
627 2773 710 2828 dictu.

93 2849 209 2905 Format
226 2851 299 2905 enim
315 2854 414 2905 natura
430 2852 506 2920 prius
524 2866 573 2903 nos
589 2849 665 2903 intus
682 2850 718 2903 ad
736 2866 842 2905 omnem

93 2924 279 2980 Fortunarum
296 2926 436 2992 habitum;
449 2926 531 2993 juvat
547 2927 596 2978 aut
612 2924 730 2994 impellit
747 2926 784 2979 ad
800 2926 869 2980 irum

94 3002 156 3055 Aut
172 3000 209 3055 ad
226 3002 340 3056 humum
357 3016 480 3055 maerore
496 3000 573 3068 gravi
591 2999 705 3054 deducit
721 3004 751 3054 et
767 3000 859 3069 angit3
913 3018 945 3057 no
967 3006 970 3012 '

93 3076 163 3130 Post
180 3076 261 3130 effert
277 3076 362 3129 animi
378 3079 469 3128 motus
486 3075 638 3143 interprete
656 3074 755 3143 lingua.
