2025 3409
331 394 662 462 EPISTOLARUM

257 626 417 685 LIBER
449 628 742 691 SECUNDUS.

484 866 500 920 I

75 943 141 998 culs
158 948 201 1000 tot
218 946 352 1001 sustineas
368 952 398 1002 et
414 953 493 1003 tauta
509 951 619 1017 negotia
635 950 716 1019 solus,

76 1016 131 1071 Res
150 1020 235 1075 Italas
251 1023 334 1075 armis
351 1025 457 1088 tuteris,
476 1024 596 1078 moribus
614 1041 703 1093 ornes,

75 1092 194 1161 Legibus
211 1097 347 1166 emendes,
363 1099 392 1152 in
408 1098 517 1166 publica
533 1100 674 1153 commoda
690 1117 802 1169 peccem

75 1168 104 1221 Si
121 1168 202 1239 longo
218 1187 342 1226 sermone
359 1189 450 1227 morer
466 1177 516 1228 tua
532 1178 663 1243 tempora,
682 1175 788 1231 Caesar.

75 1240 206 1300 Romulus
224 1250 253 1301 et
270 1247 354 1301 Liber
370 1253 449 1317 pater
465 1252 496 1303 et
513 1266 574 1303 cum
593 1250 706 1304 Castore
724 1252 830 1319 Pollux,
914 1270 930 1310 s

75 1319 142 1374 Post
158 1320 280 1390 ingentia
295 1323 368 1377 facta
384 1323 497 1377 deorum
514 1326 543 1377 in
560 1325 662 1393 templa
678 1327 789 1395 recepti,

71 1393 147 1449 *Dum
165 1401 253 1451 terras
269 1398 461 1467 hominumque
478 1400 570 1453 colunt
586 1416 678 1468 genus,
695 1416 791 1470 aspera
808 1402 883 1457 bolla

74 1468 253 1540 Componuut,
271 1490 351 1541 agros
367 1474 512 1541 assignant,
530 1474 629 1543 oppidu
645 1475 772 1543 condunt,

74 1544 218 1600 Plorarcre
235 1547 292 1601 suis
308 1564 363 1602 non
379 1550 544 1616 respondere
560 1550 679 1603 favorem
728 1604 734 1615 ,

73 1619 218 1688 Speratum
235 1622 349 1677 meritis.
383 1623 478 1676 Diram
495 1624 543 1691 qui
560 1623 685 1677 contudit
700 1623 815 1692 hydram
899 1650 927 1689 10

73 1694 202 1765 Notaque
217 1698 294 1751 futali
310 1701 439 1765 portenta
454 1698 548 1752 labore
566 1698 684 1767 subegit,

73 1769 213 1841 Comperit
228 1773 359 1826 insidiam
376 1790 501 1842 supremo
518 1774 573 1827 fine
591 1772 702 1830 domari.

73 1845 138 1901 Urit
155 1848 226 1902 enim
243 1848 348 1916 fulgore
365 1865 414 1901 suo
431 1849 478 1917 qui
494 1852 656 1917 praegravat
673 1853 746 1903 artos

74 1921 151 1976 Infra
166 1940 197 1978 se
212 1924 330 1992 positas3
347 1924 498 1978 exstinctus
514 1924 650 1977 amabitur
666 1924 746 1977 idem

74 1995 216 2053 Praesenti
233 1999 284 2053 tibi
301 2003 422 2053 maturos
439 1999 572 2067 largimur
587 1998 711 2063 honores,
897 2014 925 2057 ιε

72 2072 265 2143 Jurnndnsque
282 2078 361 2129 tuum
377 2091 428 2144 per
444 2091 543 2128 nomen
559 2074 684 2143 ponimus
701 2090 770 2143 aras,

73 2148 120 2202 Nil
137 2150 270 2204 oriturum
285 2150 360 2217 elias,
376 2149 416 2205 nil
433 2154 523 2204 ortum
541 2149 596 2203 tale
614 2150 739 2203 fatentes.

73 2223 128 2277 Sed
144 2229 209 2280 tuus
225 2225 271 2278 bic
287 2225 409 2293 populus,
428 2226 537 2293 sapiens
554 2227 583 2278 et
597 2225 690 2293 justus
706 2225 735 2277 in
752 2239 813 2293 uno,

73 2299 110 2352 Te
127 2301 229 2353 nostris
246 2300 368 2367 ducibus,
386 2304 415 2353 te
433 2300 522 2353 Graiis
538 2300 722 2364 anteferenda

73 2375 171 2429 Cetera
186 2392 358 2444 nequaquam
376 2376 457 2429 simili
474 2376 581 2429 ratione
597 2374 732 2442 modoque
893 2396 921 2437 ῃ

72 2451 216 2517 Aestimat,
234 2454 264 2505 et
281 2450 332 2503 nisi
350 2467 421 2520 quac
437 2450 519 2503 terris
536 2453 640 2503 semota
658 2450 767 2517 suisque

71 2525 248 2595 Temporibus
265 2525 394 2579 defimcta
410 2525 493 2592 ridet,
509 2525 618 2578 fastidit
634 2528 664 2579 et
681 2525 756 2587 odit3

71 2600 116 2655 Sic
131 2603 222 2655 fautor
237 2605 361 2655 veterum
377 2604 410 2653 ut
427 2599 535 2654 tabulas
553 2615 665 2668 peccare
682 2602 809 2653 vetautcs

70 2675 143 2740 Quas
160 2675 202 2730 bis
220 2675 408 2744 quinqueviri
425 2678 581 2743 sauxcnmt,
598 2674 710 2729 foedera
728 2688 825 2742 regum

71 2746 123 2803 Vel
140 2749 234 2803 Gabiis
251 2751 295 2803 vel
312 2766 374 2803 cum
390 2750 487 2817 rigidis
503 2753 622 2818 aequata
638 2748 755 2818 Sabinis,
896 2772 923 2813 η

70 2822 231 2876 Pontificum
248 2824 339 2891 libros,
356 2841 458 2878 annosa
473 2824 609 2877 volumina
626 2827 728 2891 vatum,

69 2894 186 2949 Dictitet
204 2896 310 2949 Albano
327 2897 421 2950 Musas
437 2899 466 2950 in
482 2903 576 2951 monte
594 2899 706 2953 locutas.

69 2966 98 3020 Si
114 2966 180 3033 quia
196 2967 361 3023 Graecorum
378 2975 442 3025 sunt
458 2973 646 3040 antiquissima
664 2990 790 3042 quaeque

68 3039 177 3106 Scripta
193 3040 236 3093 vel
253 3042 357 3107 optima
374 3043 488 3096 Romani
504 3051 653 3112 pensantur
671 3049 767 3101 eadem

69 3111 221 3178 Scriptores
237 3114 347 3179 trutina,
365 3131 419 3167 non
436 3118 571 3185 estquod
588 3119 677 3175 multa
694 3122 852 3191 loquamurr
897 3144 925 3185 ao
