2025 3409
364 40 518 90 HORATII
534 39 666 89 FLAGOI

486 187 538 247 VI.

224 273 347 339 Serrium,
367 270 458 326 Gades
475 271 585 326 aditura
601 288 708 327 mecum
724 282 754 331 ct

224 348 391 401 Cantabrum
409 346 549 401 indoctum
563 346 722 415 jugalem
739 352 832 403 nostra
848 354 881 407 et

224 424 359 477 Barbarae
377 423 471 492 Syrtes
488 422 537 479 ubi
554 424 652 478 Maura
669 440 776 494 semper

258 500 377 554 Aestuat
395 499 475 564 unda,

223 574 309 630 Tibur
326 575 419 643 Argeo
436 574 556 643 positum
573 575 666 630 colono
927 594 945 638 s

224 650 268 704 Sit
284 666 361 705 meae
378 650 458 704 sedes
474 650 581 704 utinam
599 654 730 719 senectae,

223 726 266 781 Sit
282 725 380 779 modus
397 725 470 779 lasso
485 726 569 781 maris
586 730 615 781 et
632 727 735 781 viarum

255 801 446 869 Militiaeque!

223 875 305 930 Unde
323 875 346 928 si
364 876 466 930 Parcae
483 875 631 944 prohibent
647 876 764 946 iniquae,

223 951 310 1005 Dulce
326 950 428 1019 pellitis
446 950 541 1005 oribus
559 951 668 1005 Galaesi
918 968 943 1009 m

223 1026 340 1081 Flumen
358 1030 387 1080 et
403 1029 518 1094 regnata
534 1030 626 1095 petam
644 1026 743 1080 Laconi

259 1102 335 1156 Rura
354 1102 513 1155 Phalantho.

224 1178 276 1233 Ille
293 1182 429 1233 terrarum
447 1177 514 1230 mihi
531 1181 642 1245 praeter
659 1194 749 1231 omna.

226 1255 351 1323 Angulns
368 1254 442 1307 ridet
459 1252 509 1306 ubi
526 1269 580 1306 non
599 1253 731 1321 Hymetto

224 1330 308 1384 Mella
326 1329 463 1383 decedunt
479 1327 615 1398 viridique
632 1331 722 1382 certat
918 1344 941 1384 it

259 1406 347 1459 Bacca
365 1404 503 1469 Venafro;

224 1481 283 1535 Ver
299 1480 346 1533 ubi
363 1479 474 1547 longum
491 1478 655 1548 tepidasque
671 1480 786 1548 praehet

224 1556 323 1624 anpit
324 1571 354 1609 er
311 1554 488 1623 t,brumas
507 1558 538 1608 et
555 1555 656 1608 amicus
675 1554 765 1608 Aulon

225 1630 321 1685 Fertili
339 1629 446 1683 Baccho
463 1629 605 1683 minimum
623 1630 747 1683 Falernis

260 1705 371 1759 Invidet
388 1704 454 1758 uvis.

226 1856 370 1910 Postulant
386 1872 479 1921 arees3
496 1856 536 1910 ibi
553 1859 586 1910 tu
603 1856 736 1910 calentem

226 1931 327 1988 Debita
344 1948 455 2019 sparges
472 1931 583 1985 lacrima
600 1930 721 1985 favillam

263 2008 341 2061 Vatis
358 2008 444 2061 amici,

480 2147 549 2202 VII.

226 2232 354 2285 Osanna
372 2246 477 2286 mecum
494 2242 604 2298 tempus
621 2228 650 2281 in
667 2228 716 2282 ult'
697 2232 794 2282 tnnum

226 2306 358 2373 Deducta,
377 2305 463 2359 Bruto
481 2306 596 2358 militiae
614 2303 690 2372 duce,

260 2381 327 2446 Quis
345 2384 375 2435 te
391 2380 536 2433 redonavit
554 2379 689 2444 Quiritem

294 2456 344 2510 Dis
361 2456 458 2524 patriis
477 2456 603 2524 Italoque
620 2455 701 2518 caelo,
1002 2413 1003 2510 l

226 2532 337 2600 Pompei
356 2546 479 2583 meorum
496 2530 585 2598 prime
604 2531 743 2596 sodalium,
923 2542 939 2587 a

226 2608 295 2662 (lum
313 2622 367 2675 quo
384 2608 537 2661 morantem
554 2622 635 2674 saepe
653 2606 726 2659 diem
744 2620 820 2657 mero

259 2681 343 2749 Fregi
361 2685 504 2734 coronatus
522 2680 642 2734 nitentes
1002 2649 1003 2744 l

293 2755 466 2811 Malobathro
484 2756 561 2823 Syrio
579 2756 707 2823 capillos?
1002 2761 1003 2764 ’

226 2834 325 2885 'lecum
345 2832 482 2899 Philippos
499 2835 529 2884 et
545 2831 660 2883 celerem
677 2831 771 2898 fugam

226 2906 303 2961 Sensi
321 2906 416 2959 relicta
432 2922 485 2957 non
503 2904 573 2957 bene
589 2905 720 2973 parmula,
913 2918 938 2961 ιο
1002 2927 1003 2972 ι

262 2980 331 3033 (lum
348 2979 434 3032 fracta
451 2979 538 3032 virtus
556 2982 585 3032 ct
601 2979 720 3032 minaces

296 3051 386 3121 Turpe
404 3052 490 3105 solum
506 3052 625 3119 tetigere
641 3056 742 3113 mente

225 1781 277 1835 Ille
294 1784 324 1835 te
341 1796 447 1834 meeum
464 1780 539 1834 locus
556 1784 585 1835 et
602 1780 699 1834 beatae
