2025 3409
97 17 143 64 112
368 16 520 65 HORATII
539 16 666 67 ensem

96 94 162 150 Plus
180 112 267 164 aequo
283 96 360 164 liber,
378 96 493 164 simplex
510 96 641 165 sorbisque
660 96 807 163 babeatnr3

96 169 205 223 Galdier
223 175 273 236 est,
288 188 364 225 acres
380 171 454 225 inter
471 176 639 225 numeretur.
674 171 778 242 Opinor

96 244 174 299 Haec
191 262 235 299 res
253 250 283 299 et
295 245 387 315 jungit
400 246 512 314 junctos
529 251 558 301 et
576 251 666 301 servat
681 248 790 302 amices

97 322 137 373 At
154 336 203 373 nos
221 321 338 375 virtutes
355 324 427 390 ipsas
444 322 612 389 invertimus,
630 326 713 390 atque
917 322 940 364 ⁵⁵

97 395 238 449 Sincerum
255 398 376 465 cupimus
393 415 441 451 ras
458 398 617 451 incrustare.
654 397 759 451 Probus
777 396 840 465 quis

97 471 246 526 Nobiscum
264 474 338 540 vivit,
356 474 471 527 multum
491 474 625 527 demissus
643 473 736 527 homo:
753 473 793 525 illi

97 546 186 601 'l'ardo
204 566 351 617 cognomen
369 548 464 615 pingui
483 549 586 602 damus.
622 549 676 601 Hic
692 549 763 616 fugit
780 562 879 602 omnes

98 622 215 678 Insidias
232 624 352 692 nullique
370 624 440 676 malo
457 623 529 677 latus
547 623 624 677 obdit
642 628 772 693 apertum,

98 698 167 752 Cum
184 716 269 767 genus
287 699 337 751 boc
354 699 427 752 inter
444 700 517 752 ritae
535 702 658 752 versetur
675 698 723 752 ubi
739 700 811 753 acris

99 773 205 826 Invidia
222 777 305 846 atque
323 774 415 841 vigent
432 774 480 827 ubi
497 775 617 842 crimina,
634 791 683 842 pro
700 774 771 827 bene
789 791 858 828 sano

98 850 141 901 Ac
158 865 211 901 non
228 849 336 903 incauto
354 850 447 901 fictum
464 852 639 918 astutumque
656 867 788 903 vocamus

98 923 250 991 Simplicior
267 926 328 993 quis
346 930 374 978 et
392 928 442 991 est,
460 924 568 992 qualem
587 941 630 977 me
649 942 729 993 saepe
745 925 867 979 libenter

98 998 251 1052 Obtulerim
268 999 327 1066 tibi,
347 1000 498 1064 Maecenas,
518 1003 549 1053 ut
566 1000 638 1053 sorte
655 1000 791 1068 legentem

98 1077 158 1127 Aut
174 1076 288 1128 tacitum
305 1075 429 1142 impellet
443 1076 539 1143 quovis
556 1092 678 1128 sermone
695 1076 833 1143 molestus,
926 1087 946 1125 rr
996 1118 997 1121 ,

98 1150 240 1203 Communi
258 1167 340 1203 sensu
356 1150 436 1219 plane
454 1153 538 1218 caret,
555 1151 698 1219 inquimus.
733 1150 819 1217 lllheu,
996 1150 997 1157 ’

99 1224 185 1288 Quam
202 1230 306 1279 temere
323 1226 351 1277 in
368 1230 475 1279 nosmet
492 1226 582 1293 legem
600 1226 732 1279 sancimus
751 1225 888 1294 iniquam!

99 1300 170 1353 Nam
187 1301 260 1353 vitiis
277 1317 356 1353 nemo
366 1301 432 1354 sine
449 1302 586 1364 nascitur3
604 1300 721 1367 optimus
738 1300 784 1355 ille
802 1306 847 1355 est

99 1375 151 1440 Qui
169 1376 286 1429 minimis
303 1380 423 1443 urgetur.
459 1376 572 1428 Amicus
591 1375 676 1427 dulcis
694 1378 726 1429 ut
743 1392 862 1444 aequum
880 1380 924 1431 est

99 1452 168 1504 Cum
185 1468 247 1505 mea
263 1456 418 1519 compenset
435 1451 510 1504 vitiis
527 1450 614 1515 bona;
632 1450 754 1518 pluribus
771 1452 847 1506 hisce
924 1466 945 1505 re

99 1526 138 1592 (Si
155 1527 236 1579 modo
253 1527 332 1594 plura
347 1527 414 1579 mihi
432 1526 502 1580 bona
521 1528 592 1591 sunt)
611 1526 729 1595 inclinet,
746 1528 832 1580 amari
917 1554 919 1557 ·

99 1602 129 1655 Si
146 1602 231 1656 volet:
249 1603 299 1655 hac
316 1603 376 1669 lege
393 1603 422 1656 in
439 1603 543 1655 trutina
560 1604 677 1669 ponetur
694 1602 797 1658 eadem.

100 1677 152 1741 Qui
170 1695 205 1731 ne
221 1678 363 1731 tuberibus
381 1679 496 1747 propriis
515 1676 634 1730 offendat
651 1677 768 1731 amicum

101 1753 226 1807 Postulat
242 1754 364 1820 ignoscet
380 1754 499 1807 verrucis
517 1753 603 1817 illius;
621 1769 737 1821 aequum
755 1757 798 1807 est

101 1828 222 1882 Peecatis
239 1829 345 1881 veniam
361 1833 518 1895 poscentem
536 1828 657 1881 reddere
674 1845 774 1881 rursus.
923 1844 946 1885 rt

100 1904 232 1973 Denique,
251 1908 385 1972 quatenus
401 1904 489 1957 excidi
508 1904 617 1970 penitus
635 1903 730 1957 vitium
747 1904 804 1957 irae

101 1979 200 2033 Cetera
217 1981 283 2032 item
301 1983 440 2047 nequeunt
459 1979 550 2032 stultis
569 1978 717 2045 haerentia,
735 1996 783 2033 cnr
800 1996 853 2032 non
996 1962 997 2039 i

102 2055 271 2108 Ponderibus
288 2055 458 2123 modulisque
476 2054 532 2107 suis
550 2054 621 2107 ratio
638 2054 733 2120 utitur,
751 2072 782 2108 ac
799 2072 844 2109 res

101 2131 141 2183 Ut
158 2147 282 2199 quaeque
299 2134 342 2184 est
359 2132 399 2185 ita
416 2130 554 2198 suppliciis
573 2130 675 2183 delicta
692 2132 817 2185 co'e'rcetl

101 2207 130 2259 Si
147 2206 209 2273 quis
226 2222 288 2258 eum
306 2221 413 2258 serrum
429 2206 549 2273 patinam
568 2206 615 2273 qni
633 2205 729 2258 tollere
742 2204 835 2273 jussus
922 2224 945 2260 ac
996 2234 997 2255 l

101 2283 225 2335 Semesos
241 2280 329 2348 pisces
346 2281 523 2349 tepidumque
541 2280 675 2348 ligurierit
688 2281 736 2348 jus

101 2358 134 2410 ln
152 2373 232 2411 crum
249 2357 363 2424 suffigat,
383 2356 508 2409 Labeone
526 2356 644 2409 insanior
661 2356 735 2409 inter

101 2432 186 2485 Sanos
204 2431 317 2483 dicatur.
353 2431 459 2495 Quanto
472 2432 529 2495 ,boc
547 2432 674 2484 furiosius
692 2436 776 2500 atque

100 2506 192 2575 Majus
209 2511 349 2572 peccatum
366 2510 423 2559 est:
440 2506 550 2573 paulum
568 2506 684 2575 deliquit
702 2506 811 2573 amicus,

101 2582 180 2645 Quod
198 2582 249 2634 nisi
267 2581 398 2635 concedas
415 2581 534 2635 habeare
551 2582 677 2649 insuavis,
695 2581 810 2635 acerbus
918 2600 943 2638 ss

100 2648 192 2711 Odisti
209 2662 239 2710 et
256 2657 326 2723 fugis
343 2660 375 2710 ut
394 2656 532 2710 Rusonem
551 2657 660 2710 debitor
676 2658 755 2727 aeris,

101 2734 154 2797 Qui
171 2732 223 2785 nisi
241 2749 302 2785 cum
320 2733 413 2787 tristes
431 2733 531 2786 misere
549 2748 648 2787 venere
669 2733 811 2787 Kalendae

100 2808 259 2861 Mercedem
276 2812 325 2861 aut
342 2825 466 2862 nummos
484 2808 557 2862 unde
575 2808 649 2863 unde
667 2810 792 2877 extricet,
810 2824 906 2862 ammas

101 2884 230 2937 Porrecto
243 2882 341 2950 jugulo
358 2884 485 2939 historias
503 2884 625 2951 captivus
644 2888 676 2938 ιιι
694 2885 779 2940 audit.

102 2958 269 3012 comminxit
287 2958 388 3012 lectum
405 2965 486 3027 potus
505 2976 631 3013 mensave
648 2962 770 3015 catillum
918 2979 942 3017 ιι

102 3032 222 3086 llrandri
239 3032 364 3085 manibus
381 3035 479 3087 tritum
497 3033 606 3101 dejecit,
624 3034 660 3089 ob
677 3037 747 3091 hanc
765 3053 824 3092 rem
