2025 3409
299 66 443 115 EPODON
461 67 577 127 LIBER,
598 70 635 127 15,
656 68 693 116 16.
894 62 926 109 ³⁰

172 146 312 215 Inceptos,
330 146 394 199 olim
412 147 574 213 promissum
592 163 709 215 samen,
726 146 831 201 iambos

208 221 256 275 Ad
272 221 431 275 umbilicum
449 222 594 276 adducere.

171 296 234 350 Non
252 296 335 351 aliter
353 297 443 351 Samio
460 297 556 352 dicunt
573 298 672 351 arsisse
690 298 818 366 Bathyllo

209 374 386 427 Anacreonta
403 373 509 440 Telum,
900 390 921 428 ro

171 447 226 512 Qui
244 464 378 517 persaepe
395 464 460 502 cava
477 449 619 503 testudine
636 450 713 503 flevit
731 466 851 503 amorem

207 524 232 577 N
235 541 269 575 on
288 524 455 577 elaboratum
472 524 509 579 ad
525 524 632 592 pedern

170 598 268 653 Urcn's
285 600 345 666 ipse
361 600 459 656 miser:
476 600 574 669 quodsi
591 616 646 653 non
662 599 799 668 pulchrior
815 600 886 667 ignis

207 675 344 728 Accendit
360 674 497 729 obsessam
516 674 594 740 Ilion,

169 750 270 803 Gaude
288 754 361 804 sorte
378 754 443 815 tua;
460 768 505 805 me
522 749 650 803 libertina
666 767 755 818 neque
771 767 826 803 uno
897 766 919 805 rs

207 825 345 879 Contenta
363 825 471 894 Phrpue
488 830 615 879 macerat

465 964 528 1020 XV.

170 1048 235 1102 Nox
253 1052 315 1101 erat
332 1052 361 1101 et
378 1048 453 1101 caelo
469 1048 594 1115 fulgebat
609 1047 675 1101 luna
692 1063 787 1101 sereno

162 1134 167 1149 ·
208 1124 288 1177 luter
304 1124 408 1177 minora
425 1123 524 1191 sidera,

170 1198 242 1253 Cum
259 1203 292 1253 tu
308 1216 469 1267 mabonorum
487 1216 587 1251 numen
604 1200 711 1252 laesura
728 1199 841 1253 deorum

206 1275 241 1328 Iu
259 1274 343 1327 rerba
356 1274 470 1342 jurabas
487 1290 556 1340 moa,

170 1350 269 1403 Artius
281 1354 363 1419 atque
375 1349 477 1403 hedera
489 1366 601 1417 procera
612 1349 792 1416 adstringitur
802 1350 865 1417 ilex,
903 1364 917 1405 ι

207 1426 301 1478 Lentis
319 1425 470 1479 adhaerens
486 1423 619 1478 brachiis:

170 1500 244 1553 Dum
262 1501 353 1567 pecori
370 1496 496 1569 lupus'et
513 1500 604 1553 nautis
620 1499 735 1554 infestus
752 1500 836 1555 Orion

205 1575 340 1629 'l'urbaret
357 1575 500 1629 hibernum
518 1592 601 1640 mare,

170 1650 352 1718 Intonsosque
370 1652 487 1718 agitaret
506 1650 641 1719 Apollinis
658 1668 724 1705 aura
741 1652 857 1720 capillos,

153 1766 160 1775 .
204 1726 275 1779 Foro
293 1725 365 1779 huuc
382 1742 501 1779 amorem
519 1724 652 1779 mutuuru.
894 1744 915 1781 u

169 1799 194 1859 Ο
213 1800 332 1854 dolitura
349 1816 411 1853 mea
427 1801 543 1854 multum
560 1801 663 1854 virtute
681 1802 802 1855 Neaera!

203 1876 230 1928 N
231 1892 275 1929 am
293 1875 317 1929 si
334 1876 402 1945 quid
418 1875 447 1929 iu
466 1876 562 1930 Flacco
579 1876 630 1929 viri
648 1883 698 1944 est,

167 1950 231 2006 Nou
249 1951 321 2009 seret
338 1951 460 2005 assiduas
478 1952 578 2018 potiori
593 1956 623 2005 te
640 1952 707 2006 dare
724 1958 825 2021 noctes,

204 2028 241 2081 Et
259 2030 372 2094 quaeret
389 2028 475 2081 iratus
492 2043 594 2094 parem,

167 2100 194 2154 N
196 2118 227 2155 ec
245 2102 328 2155 semel
346 2102 462 2155 offensae
480 2102 561 2155 cedet
577 2104 728 2157 constantia
745 2106 855 2172 formae,
892 2122 913 2161 ιε

203 2176 232 2230 Si
250 2182 341 2231 certus
357 2177 467 2231 intrarit
484 2176 568 2230 dolor.

168 2251 205 2305 Et
222 2257 261 2319 tu,
280 2254 435 2321 quicunque
453 2268 483 2306 es
500 2252 604 2306 felicior
619 2257 702 2322 atquo
719 2271 780 2308 meo
797 2272 867 2310 nunc

203 2328 343 2396 Superbus
360 2329 463 2382 incedis
481 2328 559 2394 malo,

167 2403 211 2457 Sis
228 2420 327 2471 pecore
345 2407 374 2457 et
391 2404 478 2457 rnulta
495 2403 572 2455 dives
589 2403 688 2457 tellure
704 2404 798 2460 licebit

203 2478 319 2548 'libique
337 2479 464 2533 Pactolus
482 2479 555 2544 fluat,
889 2500 913 2537 a

168 2554 227 2607 Nec
244 2559 274 2607 te
292 2554 461 2623 Pythagorae
479 2554 575 2607 fallant
592 2570 689 2608 arcana
705 2559 802 2625 renati,

203 2630 355 2698 Fonnaque
373 2630 463 2683 vineis
481 2630 506 2683 N
509 2632 574 2697 iren„
595 2631 630 2697 ffl
654 2679 662 2702 ,
693 2627 754 2709 to,
782 2631 824 2687 ιδ

170 2704 249 2758 Eheu
267 2706 413 2759 translatos
430 2706 483 2759 alio
500 2705 635 2760 moerebis
651 2722 774 2764 amores:

203 2782 259 2833 Ast
276 2797 327 2849 ego
345 2781 462 2835 vicissim
479 2781 573 2835 risero.

449 2922 528 2976 XVI.

138 3012 254 3060 Annuus
267 3004 326 3072 jam
343 3002 443 3056 teritur
459 3003 538 3056 bellis
555 3003 677 3054 civilibus
694 3009 776 3068 actas,

171 3080 233 3135 Suis
251 3084 280 3132 et
298 3078 357 3145 ipsa
376 3077 463 3129 Roma
479 3076 583 3129 viribus
599 3076 672 3129 ruit:

606 3170 870 3358 ciffi-¹7
