2025 3409
63 16 109 64 tto
335 14 489 65 HORATII
506 17 636 67 FLAOOI

62 93 212 149 Mutandae
229 93 304 149 locus
322 100 365 150 est
381 100 411 150 et
428 96 585 153 deversoria
601 109 668 153 nota
888 118 912 160 rc

62 169 298 239 Praeteragendus
310 188 404 240 equus
431 174 512 239 “Quo
523 174 632 229 tendisl
653 174 680 228 N
682 191 716 228 on
729 175 795 231 mihi
807 176 912 233 Cumas

62 247 113 299 Est
129 245 184 300 iter
200 249 249 300 ant
266 247 369 315 baias?
387 248 464 302 laeva
481 248 667 304 stomachosus
685 250 792 304 habena

62 321 143 375 Dicet
160 338 260 390 cqnes3
277 324 327 377 sed
344 323 407 392 equi
425 323 533 379 frenato
551 329 594 380 cst
610 328 684 381 auris
701 328 730 380 in
747 328 810 393 ore.)

62 396 152 465 Major
168 402 261 452 utrum
278 399 408 467 populum
424 400 557 455 frumenti
574 402 651 471 copia
667 406 777 471 pascat;

63 472 231 528 collectosne
247 474 344 543 bibant
360 474 462 529 imbres
479 478 613 543 puteosne
629 492 766 546 perennes
891 493 916 533 1⁵

62 549 143 618 lugia
160 566 261 619 aquae;
279 553 352 617 (nam
368 550 431 605 rina
446 550 516 604 nihil
533 568 623 605 moror
640 552 712 605 illins
730 568 809 618 orae;

63 625 139 680 Rure
156 642 217 679 meo
233 642 344 695 possum
360 626 469 695 quidvis
485 627 609 695 perferre
625 627 744 696 patique,

63 700 111 755 Ad
128 718 203 755 mare
220 718 282 755 cum
298 702 361 756 veni
377 718 539 770 generosum
557 706 587 757 et
602 703 664 757 lene
681 703 798 771 requiro,

64 776 144 841 Quod
160 792 240 831 curae
256 775 356 846 abigat,
374 777 449 847 quod
465 794 528 831 cum
546 795 594 849 epe
612 778 699 833 divite
715 783 808 833 manet

65 853 98 906 In
116 870 199 907 venas
216 853 390 922 animumque
407 869 505 919 meum,
523 854 598 923 quod
614 854 698 908 verba
713 854 858 920 ministret,
889 869 916 908 aa

64 928 144 993 Quod
160 945 205 983 me
223 929 346 983 Lucanae
358 928 488 997 juvenem
506 930 678 983 commendet
696 929 814 997 amicae.)

64 1004 178 1060 Tractus
194 1008 258 1059 uter
274 1005 366 1073 plnres
382 1004 497 1074 lepores,
514 1008 585 1059 uter'
596 1005 696 1059 educet
714 1021 802 1075 apros,

64 1081 136 1135 Utra
152 1081 238 1148 magis
255 1080 342 1149 pisces
360 1083 389 1133 et
405 1080 515 1133 echinos
532 1096 652 1148 aequora
668 1080 765 1149 celent,

64 1156 176 1224 Pinguis
193 1160 226 1210 ut
242 1156 308 1209 inde
325 1156 436 1209 domum
452 1156 554 1224 possim
573 1155 736 1225 Phaeaxque
753 1157 864 1223 reverti,

64 1232 189 1287 Scribere
206 1235 235 1286 te
252 1231 336 1298 nobis,
353 1230 405 1285 tibi
422 1247 472 1284 nos
488 1230 634 1286 accredere
650 1248 702 1301 par
719 1235 769 1287 est
889 1248 918 1288 aa

64 1308 196 1376 Maenius,
214 1310 246 1361 nt
263 1306 346 1361 rebus
363 1306 493 1360 maternis
511 1311 595 1375 atque
612 1306 735 1375 paternis

65 1384 186 1438 Fortiter
202 1382 355 1452 absumptis
371 1380 492 1435 urbanus
509 1382 599 1450 coepit
616 1381 720 1449 haberi,

64 1459 163 1514 Scurra
179 1475 263 1526 vagus
280 1474 334 1511 non
351 1457 398 1525 qui
415 1460 520 1511 certum
537 1473 671 1526 praesepe
691 1460 806 1527 teneret,

65 1534 223 1603 Impraneus
240 1550 294 1587 non
311 1533 359 1601 qui
376 1533 463 1587 civem
480 1533 636 1587 dinosceret
652 1534 739 1601 hoste,

65 1610 209 1674 Quaelibet
226 1609 254 1662 in
272 1608 395 1677 quemvis
412 1608 559 1677 opprobria
576 1608 680 1677 fingere
698 1624 801 1677 saevus,
891 1625 919 1665 ao

65 1684 201 1739 Pernicies
218 1687 248 1738 et
264 1685 413 1751 tempestas
430 1682 643 1754 barathrumque
661 1684 775 1753 macelli,

65 1760 205 1829 Quidquid
222 1759 377 1829 quaesierat
394 1759 484 1813 ventri
503 1758 624 1813 donabat
642 1776 731 1814 avaro.

65 1836 120 1890 Hic
136 1835 184 1890 ubi
201 1834 340 1905 nequitiae
356 1834 510 1888 fautoribus
527 1838 557 1889 et
575 1834 679 1889 timidis
695 1834 735 1889 nil

66 1913 125 1965 Aut
142 1912 252 1981 paulum
270 1910 421 1964 abstulerat
438 1910 545 1977 patinas
564 1910 697 1964 coenabat
714 1910 799 1964 omasi

66 1987 135 2040 Vilis
153 1990 182 2040 et
200 1986 321 2053 agninae
339 1984 429 2039 tribus
446 1986 518 2038 ursis
536 1985 695 2054 quadratis
713 1989 800 2050 esset;
894 2002 921 2041 cs

66 2062 174 2116 Scilicet
190 2066 223 2114 ut
240 2064 349 2114 ventres
366 2059 457 2113 lamna
473 2060 609 2115 candente
626 2063 757 2129 nepotum

66 2137 178 2191 Diceret
193 2135 320 2200 urendos,
338 2139 475 2189 corrector
494 2135 612 2189 Bestius.
648 2136 730 2190 Idem

66 2211 206 2280 Quidquid
223 2214 284 2263 erat
300 2213 396 2262 nactus
413 2209 535 2277 praedae
552 2210 663 2279 majoris
680 2210 728 2264 ubi
746 2226 826 2264 omna

66 2287 196 2341 Verterat
213 2285 242 2338 iu
258 2285 363 2337 furnum
380 2285 553 2352 etcinerem,
577 2284 659 2339 “Non
677 2284 788 2339 hercule
806 2286 919 2351 mirer,'’

66 2361 175 2430 Aiebat,
194 2360 235 2413 “ei
253 2360 301 2429 qui
318 2358 465 2413 comedunt
481 2358 561 2424 bona,
578 2376 640 2413 cnm
659 2360 696 2414 sit
713 2359 796 2415 obeso
893 2379 923 2417 so

66 2439 113 2493 Nil
130 2438 226 2493 melius
243 2435 334 2503 turdo,
351 2436 389 2488 nil
406 2435 486 2488 vulva
503 2434 643 2504 pulchrius
660 2435 781 2504 ampla¹’·

64 2514 202 2586 'Nimirum
218 2510 262 2565 hic
280 2526 330 2578 ego
349 2526 423 2575 sum;
440 2526 503 2563 nam
521 2514 583 2565 tuta
600 2514 628 2565 et
645 2511 759 2580 parvula
774 2510 855 2565 laudo

67 2589 136 2644 (lum
153 2605 197 2643 ree
215 2586 353 2653 deliciunt,
371 2584 438 2638 satie
454 2583 529 2639 inter
545 2585 608 2639 vilia
624 2586 719 2652 fortis;

66 2664 171 2718 Verum
187 2661 235 2716 ubi
252 2660 320 2730 quid
337 2660 433 2713 melius
450 2660 585 2729 contingit
602 2664 631 2715 et
649 2662 757 2727 unctius
773 2660 847 2715 idem

67 2740 125 2792 Vos
142 2754 238 2805 sapere
255 2739 285 2790 et
302 2735 373 2789 soloe
390 2735 433 2787 aio
450 2735 522 2790 bene
539 2737 638 2805 vivere,
657 2754 783 2806 qnorum.
896 2754 927 2797 es

67 2811 239 2880 Conspicitur
255 2808 350 2864 nitidis
368 2809 483 2865 fundata
498 2812 615 2879 pecunia
632 2811 709 2868 villis
