2025 3409
86 42 132 89 ιω
356 29 508 78 Honarrl
525 20 655 77 FLAccr

86 114 220 167 ludormis
237 112 345 165 inhians
362 115 392 164 et
407 114 547 179 tamquam
563 126 675 178 parcere
694 112 776 163 saeris

85 190 196 255 Cogeris
213 191 261 241 aut
277 187 359 256 pictis
375 189 515 253 tamquam
532 186 651 253 gaudere
670 185 784 238 tabellis.

86 264 251 332 nescioquo
269 262 358 315 valeat
376 262 518 313 nummusi
536 277 617 328 quem
634 260 766 327 praebeat
783 260 876 311 usumi

87 337 168 392 Panis
185 341 298 403 ematur,
317 337 384 403 olus,
401 337 457 387 vini
475 336 617 400 sextarius,
635 336 708 389 adde

87 412 154 477 Quis
170 412 289 465 humana
307 411 359 464 sibi
377 410 469 464 doleat
486 414 584 463 natura
601 410 713 477 negatis
907 418 928 460 ιε

87 489 133 541 An
150 487 262 555 vigilare
279 490 355 540 metu
373 486 532 553 exanimem,
549 491 696 553 noctesque
714 485 827 555 diesque

88 562 247 616 Fomridare
265 562 349 614 malos
366 562 448 628 iures,
465 560 597 625 incendia,
616 576 706 613 servos

88 638 132 692 Ne
149 643 178 691 to
195 637 342 705 oompilent
357 636 500 703 fugientes,
518 636 568 689 hoe
582 636 677 703 jurati
715 636 819 687 Horum

89 715 202 781 Semper
219 730 270 780 ego
287 712 403 779 optarim
420 713 609 779 pauperrimus
627 728 686 764 esse
703 711 840 765 bonorum.

89 791 154 840 “At
171 788 194 841 si
212 787 349 841 condoluit
365 790 501 840 tentatum
518 787 619 855 frigore
636 803 740 855 eorpus,
910 797 932 836 so

91 866 150 918 Aut
166 864 234 916 aiius
251 878 328 915 casus
342 861 414 917 leeto
432 867 463 916 te
480 863 584 930 adfixit,
602 862 687 915 habes
705 862 751 931 qui

92 938 234 1004 Adsideat,
252 938 373 991 fomenta
389 943 475 1005 paret,
493 938 628 991 medicum
646 944 725 1006 roget
743 944 774 991 ut
792 942 820 992 te

92 1014 210 1067 Suseitet
227 1029 259 1066 aa
275 1012 364 1079 gnatis
381 1012 480 1066 reddat
497 1015 620 1081 carisque
638 1013 819 1081 propinquis.”

93 1089 154 1143 Non
170 1105 240 1143 uxor
257 1088 359 1140 anirum
378 1091 406 1141 te
424 1087 490 1154 vult,
509 1105 561 1141 non
580 1090 664 1152 filius3
682 1106 775 1142 omnes

93 1164 182 1217 Vicini
200 1164 323 1229 oderunt,
340 1163 406 1227 uoti,
424 1163 501 1231 pueri
519 1168 602 1231 atque
619 1164 731 1231 puellae.
914 1174 935 1214 ss
1005 1170 1006 1175 ’

94 1240 210 1306 Miraris,
229 1255 313 1307 quum
330 1243 362 1291 tu
379 1243 492 1305 argento
509 1244 571 1305 post
589 1240 678 1291 omnia
695 1254 785 1307 ponas,

94 1315 123 1368 Si
139 1331 218 1367 nemo
236 1317 358 1382 praestet
375 1330 456 1382 quem
473 1329 528 1365 non
545 1313 674 1365 merearis
692 1313 827 1366 amoremi

96 1391 141 1443 An
158 1390 180 1441 si
198 1394 334 1457 cognatos,
351 1390 425 1441 nulio
442 1393 540 1442 natura
557 1388 649 1442 labore

96 1466 169 1531 Quos
185 1464 236 1517 tibi
254 1464 309 1529 dat,
327 1466 446 1517 retinere
463 1465 530 1518 velis
548 1480 711 1532 servareque
728 1463 834 1531 amieos,

97 1539 196 1593 Infelix
213 1555 323 1607 operam
341 1540 457 1606 perdas?
474 1543 507 1593 ut
525 1539 625 1607 siquis
643 1539 755 1592 asellum
917 1552 940 1591 oo

97 1614 131 1667 In
149 1615 249 1682 Campo
267 1613 363 1668 doceat
379 1619 521 1681 parentem
539 1630 647 1668 currere
664 1614 753 1667 irenis

97 1689 221 1757 Denique
238 1689 274 1742 sit
291 1689 353 1741 finis
370 1690 526 1758 quaerendi,
545 1706 681 1759 quumque
698 1688 799 1743 habeas
817 1688 879 1756 plus

98 1765 258 1833 Pauperiem
276 1768 381 1818 metuas
398 1766 487 1819 minus
504 1771 534 1819 et
551 1766 629 1818 finire
647 1766 768 1818 laborem

100 1840 222 1908 Incipias,
239 1844 317 1908 parto
335 1841 408 1907 quod
425 1841 530 1907 evehas,
549 1857 583 1893 ne
600 1840 683 1893 facias
700 1839 774 1909 quod

99 1914 252 1969 Ummidius
269 1915 394 1983 quidam;
411 1932 464 1968 non
482 1916 563 1983 longa
580 1920 623 1969 est
640 1915 742 1969 fabula:
761 1914 837 1968 dives
915 1930 939 1971 ot
1005 1918 1006 1989 i

9 2045 10 2048 ,
98 1991 139 2045 Ut
155 1990 299 2044 metiretur
316 2007 453 2054 nummos;
471 1991 510 2044 ita
528 1992 654 2044 sordidus
671 1996 703 2043 ut
720 2006 750 2044 se
1005 2035 1006 2061 ,

8 2094 10 2099 ¹
98 2066 161 2120 Non
178 2082 297 2135 unquam
315 2082 392 2119 servo
410 2066 506 2119 melius
524 2066 652 2131 vestirot;
669 2065 792 2134 adusque

99 2142 261 2210 Supremam
278 2145 394 2209 tempus,
412 2158 446 2195 ne
464 2159 494 2195 ae
512 2144 624 2211 penuria
641 2142 727 2194 vietus

99 2216 272 2285 Opprimeret
288 2216 435 2271 metuebat.
470 2219 511 2271 At
527 2218 598 2270 hune
609 2217 714 2285 ,liberta
730 2214 816 2269 securi
1005 2274 1006 2277 Ἴ

99 2292 199 2348 Divisit
216 2292 343 2358 medium,
361 2292 507 2346 fortissima
525 2292 745 2362 Tyndaridarum.
903 2306 937 2347 uo
1005 2288 1006 2309 ³

99 2368 195 2432 “Quid
212 2368 251 2420 mi
268 2368 352 2434 igitur
369 2368 486 2422 suadesi
504 2372 536 2421 ut
552 2370 640 2421 vivam
658 2366 801 2421 Maenius?
819 2369 865 2420 aut
881 2369 919 2421 sie

99 2443 139 2497 Ut
156 2444 342 2496 Nomentanus
352 2443 378 2497 i’'
414 2442 508 2511 Pergis
525 2444 674 2513 pugnantia
691 2459 780 2497 seeum

100 2519 245 2573 Frontibus
262 2518 383 2572 adversis
400 2536 575 2587 componere:
593 2536 645 2572 non
663 2536 714 2586 ego
731 2534 841 2572 avarum
1005 2500 1006 2557 i

99 2594 189 2658 Quum
206 2596 269 2647 veto
286 2598 316 2647 te
332 2594 391 2647 fieri
407 2592 528 2663 vappam
536 2594 621 2661 jubeo
638 2611 670 2649 ue
687 2594 854 2647 nebulonem.

99 2669 150 2723 Est
166 2670 239 2722 inter
256 2670 359 2721 Tanain
376 2670 506 2740 quiddam
525 2686 700 2738 socerumque
719 2669 822 2723 Viselli.
904 2684 934 2726 ιιι

99 2744 150 2797 Est
166 2744 263 2797 modus
281 2746 308 2797 in
325 2745 414 2811 rebus,
433 2750 497 2797 sunt
515 2745 582 2798 certi
599 2745 717 2813 denique
735 2746 810 2813 fines,

99 2818 173 2881 Quos
189 2819 262 2872 ultra
279 2821 402 2887 citroque
419 2822 515 2888 nequit
532 2820 681 2874 consistere
698 2825 809 2874 rectum.

100 2892 169 2945 lllue
186 2893 259 2945 undo
277 2894 330 2946 abii
348 2895 439 2960 redeo,
457 2911 536 2949 nemo
553 2900 586 2949 ut
603 2913 700 2951 avarus
1005 2896 1006 2899 '

100 2968 136 3020 Se
152 2968 251 3035 probet
267 2984 299 3021 ao
316 2970 406 3036 potius
423 2968 518 3024 laudet
535 2970 643 3027 diversa
661 2976 813 3041 sequentes,

101 3041 234 3110 Quodque
250 3042 339 3095 aliena
354 3043 456 3111 capella
471 3050 551 3111 gerat
568 3046 715 3102 distentius
733 3048 801 3102 uter
904 3065 934 3108 uo
1005 3072 1006 3091 ι
