2025 3409
101 30 147 77 182
367 27 522 76 HORATII
540 26 671 77 FLACOI

98 108 239 163 credebat
256 107 341 175 librls,
359 124 448 177 nequo
467 107 582 169 simale
600 110 720 161 cesserat
737 124 860 176 unquam

97 182 252 236 Dccurrcns
268 182 330 249 ulio,
347 199 437 250 neque
455 183 478 235 si
495 181 582 247 bene;
599 199 655 251 quo
673 182 706 236 fit
722 186 755 236 ιιι
772 183 864 237 omnis

97 257 202 321 Votiva,
215 260 310 326 pateat
327 258 412 312 veluti
430 258 569 326 descripta
586 257 689 311 tabclla

98 333 164 387 Vita
181 334 261 386 senis.
296 333 402 402 Sequor
418 333 498 401 hunc,
512 334 637 387 Lucanus
655 350 689 386 an
708 332 818 401 Apulus
837 350 964 404 anceps:

97 408 168 462 Nam
187 409 344 463 Venusinus
361 413 422 463 arat
439 409 523 463 finem
542 407 593 461 sub
610 412 758 477 utrumque
776 409 900 478 colonus,
935 430 962 468 3⁵

97 484 199 538 Missus
216 486 252 537 ad
269 484 320 538 hoc
337 486 429 553 pulsis.
446 488 526 539 vetus
543 487 586 538 est
603 488 636 539 ut
653 485 732 552 fama,
753 484 880 553 Sabellis,

97 559 157 624 Quo
173 578 209 613 ne
226 577 276 628 per
293 577 406 614 vacuum
426 560 548 613 Romano
566 560 720 613 incurreret
737 559 834 629 hostia,

97 634 160 689 Siva
178 636 253 704 quod
272 636 363 705 Apula
379 653 446 704 gcus
463 652 513 689 scu
530 634 605 705 quod
623 636 743 689 Lucania
760 635 864 689 bellum

97 711 241 766 Incuteret
257 712 383 766 violenta
419 712 474 765 Sed
491 712 536 766 hic
554 711 633 765 stilus
650 711 725 765 haud
741 716 822 780 petet
840 713 917 766 ultro

97 787 268 857 Quemquam
285 789 451 841 animantem
469 792 499 841 et
517 804 561 841 me
580 787 663 841 veluti
681 787 819 841 custodiet
837 788 914 843 ensis
932 804 959 841 so

97 862 205 930 Vagina
222 866 328 929 tectm3
346 880 429 933 quem
446 880 496 917 cur
514 864 681 931 distringere
699 879 782 917 coner

96 938 183 992 Tutus
200 938 235 992 ab
253 939 360 993 infestis
377 939 550 993 latronibusl
587 940 610 991 0
629 942 708 1008 pater
727 942 756 992 et
773 956 823 993 rex

96 1014 233 1083 luppiter,
250 1020 283 1069 ιιι
299 1019 395 1084 pereat
412 1016 532 1083 positum
550 1014 676 1082 rubigine
694 1015 788 1083 tolum,

96 1089 155 1144 Nec
173 1092 316 1160 quisquam
333 1096 429 1145 noceat
446 1091 546 1159 cupido
564 1090 631 1143 mihi
648 1090 739 1159 pacis!
777 1092 818 1144 At
834 1090 882 1146 ifle

97 1165 149 1229 Qui
166 1164 510 1234 mc'commorit,-melius
527 1183 581 1220 non
598 1170 728 1233 tangere!
748 1166 850 1232 clamo;
929 1191 953 1229 45

98 1241 189 1296 Flebit
207 1246 236 1297 et
252 1243 365 1310 insignis
383 1246 442 1296 tota
459 1240 614 1296 cantabitur
631 1241 706 1295 urbe.

98 1317 209 1371 Cervius
226 1318 313 1371 iratus
330 1318 405 1386 lcgcs
422 1318 566 1371 minitatur
583 1320 612 1371 et
629 1326 733 1382 urnam,

97 1393 212 1446 Canidia
230 1393 327 1447 Albuti
346 1393 445 1461 quibus
463 1397 506 1447 est
523 1392 633 1446 inimica
652 1408 793 1459 venenum,

97 1468 207 1521 Grande
224 1469 326 1521 malum
344 1469 450 1536 Turius,
469 1469 492 1522 si
510 1468 578 1537 quid
596 1484 626 1521 se
639 1466 734 1535 judice
753 1470 854 1521 certcs.

97 1543 137 1597 Ut
154 1560 208 1612 quo
225 1544 340 1612 quisque
357 1544 430 1597 valet
448 1548 588 1612 suspectos
605 1546 717 1609 torreat,
735 1547 822 1611 utque
929 1561 952 1600 sn
1004 1538 1007 1549 ’

98 1619 220 1687 Imperet
237 1618 287 1672 hoc
305 1622 403 1673 natura
420 1623 527 1687 potens,
545 1620 584 1673 sic
601 1619 698 1693 collige
718 1633 840 1673 mecum:

97 1694 188 1748 Denta
205 1696 292 1763 lupus,
311 1711 394 1747 cornu
413 1698 509 1747 taurus
526 1694 613 1763 petit:
631 1694 704 1747 unde
722 1694 775 1747 nisi
792 1695 866 1749 intus

98 1770 300 1824 Monstratuml
337 1770 455 1824 Scaevae
473 1770 594 1823 vivacem
612 1770 694 1823 credo
712 1771 806 1839 nepoti

98 1846 232 1911 Matrcm;
249 1846 287 1899 nil
304 1845 386 1899 faciet
404 1846 515 1900 sceleris
533 1846 580 1915 pia
598 1846 729 1900 dextera:
747 1846 856 1912 mirum,

98 1921 233 1989 Utneque
242 1922 314 1975 calce
322 1922 401 1989 lupus
410 1938 575 1990 quemquam
584 1938 672 1989 neque
680 1921 764 1975 dente
771 1922 843 1989 petit
853 1921 949 1987 bos;ss

98 1996 152 2049 Sed
170 1997 241 2050 mala
257 1997 336 2050 tollet
354 2014 435 2049 anum
453 1997 550 2049 vitiato
568 1997 649 2049 melle
667 1996 764 2050 cicuta

97 2071 122 2123 N
125 2088 141 2125 e
157 2071 269 2139 longum
286 2072 398 2127 faciam:
417 2089 466 2125 seu
484 2089 528 2125 ma
545 2072 692 2139 tranquilla
711 2076 836 2125 senectus

98 2148 245 2216 Exspectat
263 2164 311 2201 scu
328 2148 404 2201 Mors
421 2148 489 2201 atris
506 2147 682 2201 circumvolat
699 2147 757 2214 alis,

97 2222 187 2289 Dives,
205 2224 290 2290 inops,
310 2223 420 2292 Romae,
438 2240 486 2276 scu
504 2222 618 2275 forsita
631 2222 755 2291 jusserit,
775 2222 860 2292 exsul,

97 2299 225 2368 Quisquis
242 2299 295 2352 crit
313 2298 385 2352 vitae
403 2298 519 2353 scribam
538 2298 630 2352 color.''
661 2297 707 2351 “O
725 2313 802 2367 puer,
820 2302 852 2351 ut
870 2299 906 2353 sis
924 2316 946 2354 so

98 2375 197 2429 Vitatis
215 2379 308 2429 metuo
327 2378 355 2427 et
372 2374 506 2442 majorum
524 2390 559 2428 nc
576 2374 638 2443 quis
655 2374 759 2427 amicus

97 2450 210 2519 Frigore
227 2455 256 2504 tc
273 2450 376 2504 feriat.''
406 2451 421 2476 “
430 2450 510 2517 Quid,
529 2466 590 2503 cum
609 2453 652 2503 cst
670 2449 791 2502 Lucilius
808 2465 891 2503 ausus

97 2527 204 2580 Primus
221 2527 250 2579 in
267 2525 339 2578 hunc
356 2526 446 2595 operis
463 2542 626 2593 componere
643 2525 764 2578 carmina
780 2540 891 2592 morem,

96 2601 247 2655 Detmherc
265 2606 295 2656 ct
312 2602 418 2669 pellem,
435 2601 540 2653 nitidus
558 2618 612 2671 qua
630 2601 745 2668 quisque
762 2616 877 2669 perora

96 2678 222 2746 (lederet,
239 2679 386 2731 introrsum
403 2677 499 2744 turpis,
519 2692 584 2730 num
603 2675 711 2729 Laelius
729 2681 777 2730 aut
794 2676 843 2745 qui
921 2692 944 2732 ts

95 2754 183 2807 Duxit
200 2753 235 2806 ab
253 2769 383 2821 oppressa
399 2753 528 2805 mcritvun
548 2752 719 2819 Karthagine
735 2767 842 2819 nomeu,

95 2828 210 2895 Ingenio
228 2828 323 2880 offensi
339 2830 388 2881 aut
405 2828 478 2880 laeso
495 2827 607 2879 doluere
626 2826 738 2879 blctello

95 2901 271 2969 Famosisque
290 2901 367 2966 Lupo
384 2905 512 2968 cooperto
530 2901 673 2954 versibus?
710 2902 799 2970 Atqui

96 2975 232 3027 Primores
248 2974 340 3041 populi
359 2976 475 3042 arripuit
491 2975 676 3044 populumque
693 2977 830 3049 tributim,

95 3048 203 3101 Scilicet
221 3049 267 3101 uui
286 3064 389 3115 aequus
406 3050 501 3101 virtuti
521 3054 604 3116 atque
623 3050 684 3118 ejus
701 3053 803 3108 amicis.
918 3072 941 3113 vn
