2025 3409
88 33 134 83 rra
363 32 518 80 nomn
536 4 672 80 rnseer'

85 110 127 165 'lu
144 127 234 165 comes
252 112 371 165 exterior
389 112 412 165 si
428 111 551 178 postulet
569 111 609 164 ire
627 108 757 165 recuses?

85 186 184 240 “Utne
201 191 293 254 tegam
312 203 408 254 spurco
426 187 531 239 Damae
549 186 641 241 latusl
676 186 759 239 Haud
777 186 817 257 ita
835 188 945 257 Trojao

86 260 133 313 lle
149 260 222 328 gessi
239 266 350 315 certans
367 278 475 329 semper
492 261 672 315 melioribus.”
708 263 802 329 “Euge

86 335 195 405 Pauper
206 337 280 390 eris.”
310 337 444 390 “Fortem
456 338 507 391 hoc
519 337 637 390 animum
650 336 767 390 tolerare
775 336 899 404 jubebe;
915 354 947 397 se

86 411 123 465 Et
140 412 277 480 quondam
294 411 399 480 majora
416 412 475 466 tuli.
511 412 552 465 Tu
568 412 692 480 protinus
709 413 783 466 unde

85 485 202 541 Divitias
219 488 344 557 cousque
362 504 440 540 ruram
457 487 510 554 dic,
528 503 622 555 eugm,
639 488 770 541 acervos.''

84 562 165 615 “Dixi
183 563 312 630 equidem
330 565 360 615 et
376 562 451 616 dice:
470 565 564 630 mptes
582 567 689 616 astutus
706 563 809 632 ubique

85 636 259 691 Testamenta
276 654 379 705 senum,
397 653 458 701 neu,
477 638 500 689 si
517 637 593 691 vafer
609 654 679 691 unus
696 641 726 692 ct
743 638 813 693 alter

86 712 278 766 insidiatorem
295 728 423 782 praeroso
440 712 543 779 fugerit
559 712 648 781 hamo,
705 708 708 715 '
921 736 947 777 n

85 791 145 842 Aut
162 804 238 855 spem
256 788 375 855 depones
393 792 441 841 aut
458 792 548 841 artem
566 789 662 843 illusus
679 789 797 845 omittas

85 862 186 931 Magna
202 863 323 915 minorve
340 862 399 915 foro
417 863 441 915 si
458 879 503 916 res
521 863 673 918 certabitur
690 865 762 932 olim,

85 937 167 991 Vivet
185 941 249 991 ulcr
265 938 385 1006 locuples
403 938 461 992 siue
478 940 558 1007 netis,
576 939 723 1007 improbus,
740 940 814 994 ultre

86 1012 136 1073 Qui
156 1013 294 1067 meliorem
312 1014 402 1067 audax
419 1018 497 1068 vocet
515 1014 542 1067 iu
556 1014 612 1082 jus,
630 1014 702 1068 illius
720 1019 779 1069 esto

86 1087 232 1153 Defenser;
250 1088 322 1141 fama
340 1090 426 1142 civem
445 1106 581 1157 causaque
598 1090 718 1158 priorem
830 1149 839 1163 ι
917 1108 945 1148 sa

86 1164 197 1231 Sperne,
216 1163 291 1217 domi
309 1165 331 1218 si
349 1169 431 1218 uatus
449 1166 503 1218 erit
520 1164 670 1219 fecundave
687 1166 794 1234 conjux.

84 1239 215 1307 ‘Quinta’
225 1245 299 1309 puta,
311 1243 359 1294 aut
370 1240 480 1304 ‘Pubu’
494 1240 625 1308 (gaudent
637 1242 812 1311 praenomine
823 1240 923 1297 melles

85 1314 241 1379 Auriculae)
260 1315 327 1368 ‘tibi
344 1332 388 1369 me
405 1316 493 1386 virtus
511 1321 559 1369 tus
575 1316 641 1370 fecit
658 1317 790 1382 amicum;

83 1389 102 1441 J
105 1406 136 1442 us
153 1406 253 1459 anceps
271 1392 342 1457 novi,
360 1407 456 1444 musas
473 1392 623 1446 defendere
640 1408 764 1460 pessum

84 1464 190 1532 Eripiet
208 1467 296 1534 quivis
314 1466 404 1519 ocules
422 1467 503 1519 eitius
521 1468 593 1532 mihi,
611 1484 693 1537 quam
711 1471 740 1521 te
915 1486 943 1525 rs

83 1539 277 1609 contemptum
294 1557 370 1594 cassa
386 1557 455 1594 nuce
472 1546 620 1610 pauperem
637 1543 703 1597 hacc
720 1560 781 1597 mea
799 1559 864 1597 cura
883 1550 939 1611 est,

85 1611 127 1670 Ne
145 1616 212 1684 quid
229 1620 261 1669 tu
278 1616 378 1684 perdes
394 1632 450 1669 neu
466 1618 504 1670 sis
519 1617 611 1684 jocus!
649 1617 694 1671 lre
712 1617 823 1671 domum
840 1622 927 1687 atque

85 1691 242 1745 Pclliculam
261 1708 356 1745 cruere
370 1691 453 1759 jube;
470 1692 490 1744 fi
508 1692 645 1759 cognitam
663 1693 722 1761 ipse

84 1767 181 1821 Persia
198 1772 283 1836 etque
300 1767 413 1834 obdura,
431 1784 481 1819 seu
498 1767 582 1820 rubra
601 1768 728 1822 Canicula
745 1768 832 1822 findet

83 1843 208 1897 Infantes
226 1847 339 1910 statuas,
359 1860 407 1896 seu
425 1843 521 1912 pffngai
538 1845 631 1895 tentus
648 1860 739 1897 omaso
910 1858 934 1895 se

84 1918 182 1972 Furius
199 1918 328 1972 hibernas
346 1934 413 1970 caua
430 1918 492 1970 nive
510 1921 641 1984 conspuet
659 1918 750 1986 Alpes

83 1994 180 2048 Nonne
197 1994 282 2060 videa
301 1994 399 2061 aliquis
417 1992 509 2045 cubito
528 1996 646 2046 stantem
664 2009 748 2061 prope
766 1996 882 2061 tangens

83 2069 203 2138 inquiet,
219 2074 252 2123 ut
270 2070 384 2136 patiens,
402 2071 434 2121 ut
452 2068 547 2120 amicis
564 2074 653 2136 aptus,
670 2072 703 2121 ut
720 2070 801 2122 accrl

84 2144 180 2198 Plures
198 2145 338 2198 adnabunt
355 2142 452 2196 thunni
470 2145 500 2195 et
517 2144 620 2196 cetaria
637 2147 766 2197 crescent

84 2220 112 2273 si
130 2221 174 2273 cui
191 2224 336 2288 praeterea
354 2218 460 2270 validus
476 2217 548 2271 mele
566 2219 638 2271 filius
655 2219 683 2271 in
700 2235 731 2272 re
914 2235 942 2276 ss

84 2295 228 2349 Praeclare
245 2294 368 2347 sublatus
385 2293 482 2360 aletur,
500 2309 536 2347 ne
553 2295 727 2347 manifestum

85 2371 204 2426 caelibis
221 2370 381 2439 obsequium
398 2369 485 2421 nudet
502 2372 540 2435 te,
558 2368 657 2423 leniter
673 2370 702 2421 in
719 2386 796 2437 spem

84 2448 197 2517 Adrepe
214 2446 354 2513 officiosus,
371 2447 403 2498 ut
421 2449 450 2498 et
469 2444 590 2498 scribare
607 2444 742 2499 sccundus

83 2524 174 2577 lieres
191 2527 228 2591 et,
245 2522 268 2574 si
286 2522 348 2590 quis
365 2536 443 2574 msus
460 2536 576 2587 puerum
594 2520 682 2588 egerit
700 2520 778 2589 Orco,

84 2599 117 2651 In
135 2615 249 2652 vacuum
266 2597 373 2650 venias:
391 2612 505 2664 perraro
524 2596 591 2648 haec
608 2595 667 2649 alea
683 2596 760 2649 fallit.
913 2620 942 2659 ω

83 2674 136 2737 Qui
154 2676 350 2727 testamentum
367 2670 460 2725 tradet
478 2670 529 2724 tibi
547 2687 653 2739 cunque
671 2671 829 2739 legendum,-

84 2750 215 2803 Abnuere
233 2754 263 2802 ct
280 2748 387 2800 tabulas
405 2764 422 2800 a
439 2750 468 2800 te
486 2763 626 2800 removere
643 2752 788 2812 memento,

83 2826 128 2878 Sic
144 2829 236 2878 tamen
254 2827 286 2875 ut
303 2822 375 2874 limis
392 2823 482 2890 rapias
500 2821 568 2889 quid
584 2822 673 2889 prims
691 2822 810 2876 secunde

84 2898 154 2950 Cera
171 2897 238 2948 velit
255 2911 351 2959 versu;
372 2896 444 2949 solus
462 2896 590 2949 multisne
609 2897 727 2964 coheres,

84 2970 178 3022 Veloci
195 2985 323 3035 percurre
342 2970 424 3023 oculo.
462 2971 625 3038 Plerumque
643 2976 765 3025 recoctus
912 2990 941 3033 rs

84 3043 180 3097 Scriba
197 3058 232 3095 ex
249 3043 426 3109 quinqueviro
444 3061 553 3096 cervum
572 3046 686 3100 deludet
704 3047 834 3117 lriautem,
