2025 3409
110 61 124 109 6
389 59 542 109 HORATII
559 58 689 109 mom

215 140 275 195 Nos
291 139 420 207 convivia,
437 155 487 193 nos
505 139 609 208 proelis
625 140 756 209 virginum

216 214 304 271 Sectis
320 215 349 267 in
363 213 480 282 juvenes
497 211 636 283 unguibus
652 216 755 270 acrium

217 289 365 347 Oantamus
382 289 467 358 vacui,
485 290 543 343 sive
560 290 628 359 quid
645 290 750 362 urimur

250 364 314 419 Non
330 367 442 433 prester
458 364 569 420 solitum
586 366 665 422 leues
701 406 703 410 .

505 572 573 629 VII.

114 662 294 716 Lsunsnusn
310 661 357 716 elii
374 660 475 717 claram
495 662 612 717 Rhodon
629 667 678 719 aut
695 664 844 735 Mitylenen

149 740 209 792 Aut
226 736 353 806 Epheson
370 737 517 793 bimarisve
535 738 660 793 Corinthi

114 811 225 867 Moenia
241 812 285 867 vel
303 812 411 867 Baccho
428 812 537 867 'thebas
554 814 598 868 vel
615 813 744 883 Apolline
761 814 882 884 Delphos
974 857 977 862 >

149 887 274 957 ¹Insignos
291 890 340 943 aut
357 888 487 943 Thessala
504 889 613 958 Tempe.

114 962 185 1018 Sunt
196 962 295 1032 quibus
306 980 391 1017 unum
403 980 471 1033 opus
483 968 528 1019 est
538 965 659 1021 intactas
671 965 790 1020 Palladis
801 965 899 1021 urbem
955 981 972 1024 ε

148 1038 276 1094 Carmine
292 1043 427 1110 perpetuo
444 1039 585 1095 celebrare
602 1045 632 1096 et

113 1113 245 1183 Undique
263 1115 421 1185 decerptam
437 1116 523 1170 fronti
539 1133 708 1186 praeponere
724 1118 830 1173 olirem.

149 1188 286 1244 Plurimus
303 1192 333 1245 in
349 1191 467 1245 Junonis
484 1191 616 1247 honorem

115 1266 221 1334 Aptum
239 1266 313 1321 dicet
329 1267 407 1335 equis
425 1269 517 1335 Argos
534 1267 661 1337 ditesque
678 1268 815 1337 Mycenes.

148 1340 197 1395 Me
213 1357 264 1395 nec
280 1344 338 1396 tem
354 1342 461 1409 patiens
479 1343 666 1398 Lacedaemon
944 1358 970 1400 ro

114 1416 140 1470 N
143 1432 175 1471 ec
182 1418 250 1471 tem
266 1416 392 1471 Larissae
409 1418 546 1486 percussit
563 1434 674 1487 campus
691 1419 806 1489 opimae,

149 1491 237 1556 Quom
254 1491 351 1545 domus
368 1491 512 1545 Albuneae
528 1494 683 1547 resonantis

115 1566 152 1622 Et
168 1582 298 1636 praeceps
316 1565 388 1621 Anio
405 1582 437 1620 ac
454 1566 568 1622 'liburni
585 1567 661 1623 luem
678 1567 781 1638 stude

149 1641 297 1696 Mobilibus
314 1641 436 1709 pomaria
453 1641 526 1696 rivis.
548 1648 576 1709 3
605 1652 640 1711 2.
651 1656 672 1684 '¹
731 1678 739 1697 s

115 1717 204 1772 Albus
221 1721 254 1772 ut
271 1716 384 1771 obscuro
402 1717 531 1786 deterget
546 1718 641 1774 nubila
658 1719 733 1774 caelo
941 1734 965 1776 ss
1001 1779 1002 1786 χ

149 1792 237 1863 Saepe
254 1793 344 1847 Notus
361 1808 451 1863 neque
469 1795 589 1863 parturit
606 1795 708 1850 imbres

115 1867 258 1939 Perpetuo,
276 1868 315 1923 sic
331 1872 364 1923 tu
381 1870 488 1939 sepiens
504 1870 585 1925 finire
601 1873 736 1926 memento

149 1945 302 2000 Tristitiam
317 1945 446 2015 vitaeque
462 1945 570 2000 labores

114 2021 199 2090 Molli,
218 2021 325 2088 Plance,
342 2037 426 2090 mero,
444 2037 493 2075 seu
510 2026 540 2076 te
556 2022 690 2089 fulgentia
707 2022 789 2092 signis
1001 2063 1002 2076 ,

149 2097 247 2157 Castra
262 2100 361 2151 tenent
378 2109 427 2150 seu
444 2096 530 2150 densa
546 2098 653 2152 tenebit
934 2113 957 2150 so
1001 2081 1002 2174 l

114 2172 222 2228 'liburie
238 2171 336 2226 umbre
352 2171 402 2225 tui.
437 2170 541 2224 Teucer
558 2172 697 2226 Salamine
713 2176 873 2243 patremque

149 2248 219 2304 (lum
235 2248 343 2315 fugeret
359 2248 452 2299 tamen
469 2245 526 2299 uda
543 2246 633 2315 Lyaeo
678 2262 739 2325 ιῃς
764 2268 807 2330 32
997 2297 1003 2326 r

70 2354 75 2360 ,
114 2323 248 2394 Tempora
264 2322 380 2391 populea
396 2321 485 2375 fertur
502 2321 621 2376 vinxisse
638 2328 750 2393 corona*
1001 2341 1002 2410 l

149 2399 194 2453 Sic
210 2397 306 2452 tristes
324 2396 423 2451 affatus
439 2396 556 2453 amicos:

115 2476 175 2542 Quo
191 2489 241 2529 nos
257 2488 365 2543 cunque
381 2474 453 2527 feret
469 2474 567 2529 melior
582 2474 693 2530 fortune
707 2476 823 2544 parente
935 2492 958 2531 ss

150 2550 263 2619 Ibimus,
281 2565 298 2604 o
315 2550 379 2605 socii
396 2550 572 2621 comitesque.

115 2626 163 2683 Nil
180 2624 381 2695 desperandum
398 2625 502 2681 Teucro
519 2627 589 2681 duce
606 2630 636 2682 et
652 2626 762 2696 auspice
779 2626 898 2692 Teucros
1001 2653 1002 2658 κ

149 2702 249 2757 (lentus
265 2700 338 2756 enim
355 2702 481 2771 promisit
498 2702 597 2770 Apollo

116 2777 281 2846 Ambiguum
298 2776 399 2832 tellure
415 2794 486 2832 nova
503 2776 640 2831 Salamina
655 2778 782 2833 futuam

150 2852 174 2907 Ο
192 2853 277 2907 fortes
293 2852 443 2923 pejoraque
459 2853 532 2922 passi
932 2870 955 2914 au

115 2926 225 2983 Mecum
242 2942 323 2995 saepe
339 2928 400 2995 viri,
417 2943 488 2981 nunc
505 2928 568 2981 vino
584 2925 678 2995 pellito
695 2941 789 2992 cures3

151 3002 218 3058 Orus
234 3002 330 3072 ingens
346 3002 505 3059 iterabimus
522 3015 630 3069 sequor.
