2025 3409
340 62 556 115 sermenem
567 63 590 113 l.
604 67 628 115 6.
891 63 932 111 121

74 140 131 207 Qui
152 146 246 212 stupet
263 142 293 197 in
309 144 398 198 titulis
415 149 445 199 et
460 145 632 213 imaginibus.
668 145 740 210 Quid
758 148 868 215 oportet

75 217 138 271 Nos
157 219 248 273 lacere
265 235 281 271 a
299 219 380 288 vulgo
396 220 477 287 longo
494 220 629 287 longeque
647 220 783 273 remotos?

77 294 210 362 Namque
227 298 287 348 esto
304 296 419 363 populus
438 296 556 349 Laevino
573 294 668 348 mallet
684 294 814 348 honorem

78 370 172 433 Quam
190 370 275 423 Decio
293 372 424 425 mandare
440 387 518 438 novo,
537 387 687 439 censorque
704 374 825 426 moveret
915 385 938 423 aa

79 446 193 514 Appius
209 445 329 513 ingenuo
346 447 370 499 si
387 464 441 499 non
457 464 547 501 essem
564 451 644 515 patre
661 450 755 499 natus:

79 520 136 574 Vel
155 521 256 575 merito
273 523 401 589 quoniam
417 522 447 575 in
464 522 575 591 propria
592 538 646 575 non
663 521 734 590 pelle
752 522 895 589 quiessem.

79 596 140 650 Sed
157 595 280 664 fulgente
298 597 384 651 trahit
399 598 562 651 constrictos
581 596 675 651 Gloria
692 612 774 651 curru

79 671 147 725 Non
164 672 255 725 minus
271 673 380 739 ignotos
397 674 544 741 generosis.
580 672 641 737 Quo
657 672 717 739 tibi,
734 672 804 741 lilii,

79 747 199 801 Sumere
216 747 373 817 depositum
392 748 497 802 clavum
516 748 631 815 fierique
648 747 775 802 tribunol
914 762 938 799 aa

81 822 194 876 Invidia
210 824 328 877 accrevit
344 824 450 891 privato
468 840 539 893 quae
556 824 645 876 minor
662 826 742 877 esset.

82 897 156 951 Nam
174 902 207 952 ut
224 901 339 969 quisque
356 900 467 953 insanus
484 900 569 967 nigris
587 898 707 952 medium
724 898 849 966 impediit
863 915 925 953 crus

8 991 9 1044 J
82 973 207 1028 Pellibus
224 979 253 1029 et
270 974 355 1028 latum
374 974 486 1029 demisit
502 979 614 1043 pectore
631 974 744 1041 clavum,

8 1055 9 1060 ’
83 1050 175 1103 Audit
187 1050 327 1105 continuo:
340 1050 424 1114 “Quis
435 1050 516 1103 homo
528 1051 572 1104 hie
584 1052 643 1103 estl
661 1066 716 1118 quo
728 1053 807 1118 patre
820 1049 936 1103 natusl’'

81 1124 123 1179 Ut
141 1126 166 1178 si
184 1126 232 1193 qui
250 1129 374 1194 aegrotet
391 1142 446 1195 quo
463 1126 559 1179 morbo
577 1126 686 1193 Barrus,
704 1125 799 1179 haberi
913 1140 937 1179 sc

8 1217 9 1224 ¹
81 1200 123 1255 Ut
140 1202 235 1269 cupiat
250 1201 392 1267 formosus,
409 1204 455 1255 eat
472 1217 633 1270 quacunque
651 1201 748 1269 puellis

81 1274 196 1344 Injiciat
213 1293 306 1330 curam
323 1276 473 1346 quaerendi
490 1276 605 1344 singula,
622 1276 696 1343 quali

80 1352 124 1407 Sit
141 1352 220 1418 facie,
238 1369 308 1417 sura,
326 1353 399 1421 quali
416 1353 497 1421 pede,
516 1352 607 1419 dente,
625 1351 735 1420 capillo:

80 1426 126 1481 Sic
144 1427 194 1495 qui
211 1428 349 1496 promittit
365 1428 445 1495 cives,
461 1428 560 1481 urbem
578 1427 630 1480 sibi
646 1444 735 1485 curae,

80 1503 235 1571 Imperium
253 1503 310 1556 lore
327 1508 357 1555 ct
375 1503 493 1571 Italiam,
511 1502 627 1556 delubra
644 1502 763 1567 deorum,
914 1517 937 1556 aa

80 1578 143 1642 Quo
160 1582 241 1647 patre
259 1578 296 1631 sit
311 1581 400 1644 natus,
418 1595 484 1631 num
502 1579 595 1646 ignota
612 1581 700 1631 matre
718 1578 884 1646 inhonestus,

80 1653 186 1729 Omnes
203 1653 333 1708 mortales
350 1665 446 1707 curare
464 1657 493 1707 et
511 1668 645 1722 quaerere
662 1654 742 1722 cogit.

80 1730 181 1784 “Tune
198 1729 267 1797 Syri,
285 1730 397 1796 Damae,
415 1732 464 1783 aut
481 1730 593 1797 Dionysi
611 1728 690 1796 filius,
708 1729 793 1783 audes

80 1802 211 1874 Dejicere
228 1822 244 1858 e
262 1820 327 1858 saxo
345 1804 417 1858 cives
434 1808 483 1858 aut
500 1805 613 1859 tradere
632 1804 735 1859 Cadmo
745 1806 773 1858 l”

80 1881 146 1935 “At
163 1881 190 1933 N
193 1881 269 1933 orius
288 1880 391 1946 collega
407 1880 497 1949 gradu
514 1885 577 1949 post
595 1897 639 1933 me
658 1881 737 1934 sedet
755 1896 820 1945 un03
913 1896 936 1935 m

81 1955 211 2025 Namque
221 1961 263 2009 est
271 1956 318 2008 ille
326 1955 487 2026 paterqucd
495 1962 556 2009 erat
564 1954 663 2009 meus.”
676 1956 691 1982 “
697 1956 758 2008 Hoc
765 1955 815 2008 tibi
828 1955 936 2009 Paullus

81 2032 120 2087 m
138 2031 270 2085 Messalla
286 2031 406 2085 viderisl
444 2033 484 2084 At
501 2032 552 2098 hic,
571 2031 595 2083 si
612 2030 717 2099 plostra
734 2031 852 2085 ducenta

82 2108 310 2175 (loncurrantque
327 2107 386 2159 foro
403 2106 458 2160 tria
474 2108 577 2172 lunera,
596 2123 694 2174 magna
713 2106 821 2161 ‘sonabit

81 2184 194 2239 Cornua
210 2183 286 2253 quod
304 2183 449 2249 vincatque
461 2182 563 2247 tubas3
581 2182 678 2237 saltem
695 2186 774 2237 tenet
791 2183 842 2236 hoc
859 2182 929 2235 nos.''

81 2260 109 2313 N
111 2277 164 2314 unc
181 2259 218 2313 ad
236 2276 280 2313 nis
297 2258 381 2312 redeo
399 2257 528 2311 libertino
545 2262 624 2326 patre
643 2262 745 2325 natum,
913 2273 937 2312 rs

81 2336 173 2399 Quem
191 2334 294 2388 rodunt
312 2350 405 2387 omnes
421 2333 549 2387 libertino
566 2336 645 2402 patre
663 2338 765 2401 natum,

82 2412 165 2465 Nunc
183 2411 249 2479 quia
266 2426 327 2462 sum
344 2408 403 2472 tibi,
421 2409 573 2477 Maecenas,
591 2409 727 2462 convictor
733 2430 740 2474 ;
758 2413 787 2463 at
804 2409 868 2465 olim

83 2485 166 2550 Quod
183 2485 251 2537 mihi
268 2488 380 2552 pareret
396 2484 467 2551 legio
486 2483 609 2537 Romana
626 2484 742 2537 tribuno.

83 2561 225 2615 Dissimile
241 2560 293 2613 hoe
309 2560 350 2612 illi
367 2564 425 2624 est;
443 2560 507 2627 quia
525 2576 578 2613 nou
596 2563 628 2613 ut
647 2560 724 2613 forsit
739 2559 869 2613 honorem

82 2638 155 2691 Jnre
173 2636 241 2689 mihi
258 2634 381 2689 invideat
397 2635 486 2703 quiris
502 2635 543 2689 ita
559 2638 589 2689 te
607 2651 715 2703 quoque
732 2635 857 2703 amicum,
914 2651 938 2690 te

84 2712 254 2767 Praesertim
271 2715 382 2765 cautum
400 2710 496 2779 dignos
513 2727 658 2772 assumere.
675 2727 760 2779 prava

85 2787 246 2841 Ambitione
262 2786 364 2855 procul
399 2784 518 2839 Felicem
536 2785 627 2840 dicere
644 2802 698 2839 nou
715 2786 767 2841 hoc

85 2862 134 2916 Me
151 2877 262 2930 possum
280 2876 344 2914 casu
362 2859 436 2927 quod
453 2864 483 2913 te
501 2860 615 2915 sortitus
633 2862 766 2926 amicum;

86 2937 170 2991 Nulla
188 2937 289 2990 etenim
308 2936 376 2988 mihi
393 2940 422 2989 te
439 2935 627 2989 forsobtulit:
645 2936 764 3004 optimus
782 2934 846 2989 olim

87 3011 227 3079 Virgilius,
244 3010 398 3080 posthunc
416 3010 517 3064 Varius
535 3010 632 3063 dixere
650 3011 718 3077 quid
738 3027 834 3064 essem.
914 3026 938 3065 aa

87 3084 128 3141 Ut
145 3088 208 3141 veui
225 3102 315 3140 coram
333 3083 471 3152 singultim
488 3099 575 3149 praeca
592 3083 705 3147 loeutus,
