2025 3409
90 59 120 107 lt
365 52 521 103 HORATII
537 52 669 103 mom

461 203 575 259 XVIII·

92 287 223 354 Numan,
244 288 323 354 vare,
342 300 419 342 sacra
435 287 492 343 rite
511 289 588 357 prius
606 291 708 345 severis
725 289 851 347 arborem

92 363 171 418 (lirca
188 362 256 417 mite
274 363 361 417 solum
379 363 486 417 Tihmis
503 369 533 419 et
551 367 659 420 moenia
676 367 766 421 Catili.

93 438 175 493 Siccis
193 438 283 493 omnia
300 456 363 493 uam
380 439 449 495 dura
467 440 535 495 deus
552 443 702 511 proposuit,
720 458 809 511 neque

92 514 238 569 mordaces
256 515 336 569 ooo
354 515 501 585 ormano
518 517 721 572 onerantes.
1009 505 1010 574 l

94 591 299 662 Quispcstrina
310 608 420 660 gravem
432 592 557 647 militiam
568 597 617 648 aut
629 593 788 662 pauperiem
799 597 914 661 crepatl
939 612 956 651 e

94 667 163 732 Quis
175 684 229 721 non
243 672 273 722 te
285 668 383 736 potius,
397 668 503 722 Bacche
515 672 602 737 pater,
613 671 706 737 teque,
719 668 820 723 decens
831 668 1010 756 Venus?

95 746 136 797 At
151 760 187 797 ne
204 743 266 812 quis
283 743 383 797 modici
401 744 538 797 transiliat
553 760 668 797 munera
685 743 781 797 Liberi
1009 759 1010 818 l

94 819 248 873 Centaurea
264 823 359 873 monet
375 835 437 872 cum
456 819 618 887 Lapithis
596 836 656 873 rixa
674 836 758 888 super
773 835 849 874 merc
1009 827 1010 830 ’

94 894 246 961 Debellata,
265 898 357 948 monet
345 894 507 948 tSithoniis
523 911 578 948 non
594 894 662 948 levis
681 896 774 962 liuius,

94 970 164 1024 (lum
181 970 222 1024 fas
240 975 323 1039 atque
339 970 416 1024 nefas
434 970 532 1038 exiguo
548 971 603 1025 fine
619 970 765 1024 libidinum
924 986 954 1029 ιο
1009 991 1010 1022 1

94 1047 262 1100 Discernunt
279 1046 359 1099 aridi.
396 1046 458 1099 Non
476 1061 527 1114 ego
544 1049 581 1113 te,
598 1045 718 1100 candide.
732 1045 874 1116 Bassareu,

95 1122 217 1176 Invitum
235 1122 363 1190 quatiam,
381 1136 431 1174 nco
448 1121 530 1175 variis
547 1119 636 1175 obsita
652 1121 796 1175 frondibus

94 1197 151 1251 Sub
169 1199 263 1253 dirum
281 1197 393 1267 rapiam.
427 1196 515 1250 Saeva
531 1198 597 1249 tene
614 1212 677 1251 cum
695 1196 856 1266 Berecyntio

94 1273 185 1328 Cornu
202 1280 337 1343 tympana,
356 1288 426 1342 quae
444 1271 620 1341 subsequitur
636 1289 734 1327 caecus
751 1274 838 1328 Amor
854 1274 898 1328 sui

95 1349 132 1403 Et
149 1350 246 1404 tollens
264 1366 378 1403 vacuum
395 1348 457 1419 plus
473 1348 557 1401 nimio
575 1349 668 1405 Gloria
685 1350 822 1418 verticem,
922 1368 951 1409 rr

94 1427 251 1495 Aroanique
270 1424 354 1479 Fides
370 1422 492 1492 prodiga,
509 1423 676 1492 perlucidior
693 1424 773 1482 vitro.

479 1567 560 1625 XIX.

229 1650 336 1705 Marna
356 1664 435 1704 saeva
454 1650 619 1719 Cupidinum

195 1725 394 1793 Thebanaeque
408 1724 491 1793 jubet
508 1742 552 1779 me
569 1726 692 1783 Semeles
708 1742 775 1797 puer

230 1802 267 1854 llt
284 1801 384 1854 lasciva
402 1800 525 1854 Licentia

196 1875 295 1931 Finitis
312 1876 431 1930 animum
448 1876 568 1931 reddere
584 1878 728 1934 amoribus

230 1951 295 2005 Urit
311 1968 355 2006 me
374 1951 505 2021 Glycerae
523 1953 598 2006 nitor

195 2025 370 2095 splendentis
388 2027 468 2081 Pario
485 2044 620 2081 marmore
637 2030 749 2100 purius3

229 2101 293 2155 Urit
310 2106 389 2169 grata
405 2104 571 2172 protervitas

195 2176 232 2231 llt
249 2176 340 2231 vultus
356 2176 469 2233 nimium
486 2177 607 2231 lubricus
624 2176 734 2246 odspio‘u

230 2251 264 2304 ln
282 2268 325 2304 me
343 2254 402 2305 tota
418 2267 500 2305 ruens
519 2253 615 2306 Venus

196 2328 313 2397 cyprum
331 2326 459 2394 deseruit,
478 2344 530 2381 nec
546 2329 650 2397 patitur
668 2329 781 2400 Scythas

230 2404 267 2457 lit
283 2403 368 2458 versis
385 2402 536 2457 animosum
554 2404 632 2474 equis

196 2479 327 2533 Parthum
345 2480 436 2534 dicere
453 2496 504 2533 nec
521 2497 592 2550 quac
609 2482 677 2535 nihil
695 2483 820 2541 attinent.

230 2556 284 2609 Hic
301 2556 393 2610 vivum
410 2556 477 2610 mihi
495 2557 651 2626 caespitem,
669 2558 715 2613 hic

195 2630 345 2702 Verbenas,
363 2632 449 2701 pueri,
467 2633 562 2702 ponite
578 2635 715 2701 thuraque

229 2707 301 2762 Bimi
319 2724 380 2767 curn
396 2711 493 2777 petere
510 2709 592 2763 meri:

194 2780 316 2839 Mactata
332 2782 426 2837 veniet
442 2782 530 2837 lenior
546 2783 641 2839 hostia

485 2926 549 2979 XX.

196 3004 267 3058 an
283 3005 391 3073 potabis
408 3005 522 3060 modicis
540 3005 670 3061 Sabinum

195 3079 339 3134 Cantharie
357 3079 462 3133 Graeca
479 3080 554 3149 quod
570 3096 621 3148 ego
637 3081 697 3148 ipse
715 3083 789 3137 testa
