2025 3409
379 59 535 109 HORATII
551 59 683 109 FLACOI

207 142 450 211 Nympharumque
467 140 542 195 leves
559 158 621 195 eum
639 142 743 209 Satyris
761 138 835 195 chori

207 216 358 271 Secernunt
375 216 482 285 populo,
501 217 525 269 si
541 232 632 285 neque
648 216 731 271 tibias

207 292 330 360 Euterpe
346 291 455 345 cohibet
472 307 523 345 nee
540 291 716 361 Polyhymnia

207 366 344 421 Lesboum
360 366 463 434 refugit
479 366 595 421 tendere
612 365 747 420 barbitum

207 440 288 506 Quod
305 442 328 495 si
346 458 391 495 me
408 442 499 511 lyricis
516 441 625 495 vatibus
642 442 747 507 inseris,

207 516 323 573 Sublimi
340 517 436 571 feriam
454 517 547 571 sidera
563 516 673 571 vertice.

207 742 270 796 Jarr
287 742 353 797 satis
369 742 453 797 terris
469 741 541 795 nivis
557 744 641 810 atque
658 741 735 795 dirae

208 817 354 872 Grandinis
372 818 447 872 misit
464 817 556 884 Pater,
574 821 604 871 et
621 816 737 871 rubente

206 892 330 947 Dextera
347 909 437 947 sacras
450 891 588 959 jaculatus
605 908 683 946 arces

310 968 419 1022 Terruit
437 967 551 1037 Urbem,

206 1043 316 1099 'I'erruit
332 1048 436 1113 gentes,
453 1060 537 1111 grave
554 1060 589 1097 ne
606 1042 711 1097 rediret

127 1177 130 1183 ,
206 1120 332 1175 Seeulum
351 1120 472 1187 Pyrrhae
489 1136 559 1174 nova
575 1121 698 1172 monstra
715 1120 834 1187 questae,

207 1196 294 1250 Omne
311 1212 372 1249 eum
391 1195 508 1249 Proteus
525 1211 609 1263 pecus
626 1194 684 1262 egit
700 1194 772 1247 altos

308 1272 407 1326 Visere
425 1275 540 1339 montes,

206 1346 324 1402 Piscium
342 1351 371 1402 et
389 1362 494 1400 summa
510 1363 597 1414 genus
613 1345 704 1399 haesit
719 1345 792 1399 ulmo

205 1423 232 1477 N
233 1428 279 1477 ota
296 1440 366 1492 quae
384 1422 464 1476 sedes
481 1422 573 1475 fuerat
589 1421 729 1489 columbis,

206 1496 243 1552 th
260 1497 413 1565 superjecto
430 1496 546 1565 pavidae
563 1498 695 1549 natarunt

309 1574 438 1641 Aequore
455 1572 561 1626 damae.

206 1648 334 1702 Vidimus
351 1648 451 1701 flavum
470 1646 590 1701 Tiberim
607 1647 719 1702 retortis

143 1736 145 1739 ’
206 1724 311 1779 Littore
329 1724 444 1777 Etrusco
461 1722 594 1777 violenter
610 1724 691 1777 undis

207 1800 253 1854 Ire
270 1798 408 1867 dejectum
426 1803 603 1853 monumenta
618 1799 693 1867 regis

308 1874 474 1943 Templeque
493 1874 614 1940 Vestae3

205 1950 274 2005 Iliae
291 1950 357 2004 dum
374 1967 404 2005 se
421 1951 535 2005 nimium
553 1951 681 2021 querenti

206 2026 299 2080 Jeetat
316 2027 442 2094 ultorem,
459 2044 544 2095 vagus
562 2031 592 2081 et
609 2027 720 2080 sinistra

206 2100 320 2155 Labitur
337 2102 397 2168 ripa
414 2102 484 2153 Jove
501 2119 556 2154 non
573 2101 706 2168 probante
723 2117 753 2155 u-

307 2192 398 2229 xorrus
416 2191 510 2229 amnis.

206 2250 312 2304 Audiet
330 2250 402 2303 cives
420 2249 525 2302 acuisse
542 2249 645 2301 ferrum

205 2325 265 2390 Quo
281 2341 379 2393 graves
397 2325 498 2378 Persae
516 2324 613 2377 melius
630 2322 765 2391 perirent;

205 2399 310 2455 Audiet
326 2416 430 2468 pugnas
447 2398 514 2453 vitio
531 2401 676 2467 parentum

308 2475 382 2528 Rara
395 2474 536 2542 juventus.

205 2550 294 2614 Quem
311 2552 390 2603 vocet
407 2549 499 2602 diesim
517 2548 633 2617 populus
650 2547 754 2601 ruentis

205 2624 309 2692 Imperi
325 2624 429 2679 rebus?
446 2639 529 2691 preco
547 2640 602 2692 qua
618 2624 735 2691 fatigent

205 2698 333 2768 Virgines
351 2702 460 2755 sanetae
478 2700 568 2753 minus
585 2699 743 2754 audientem

307 2776 434 2830 Oarnrina
451 2775 585 2829 Vestaml

205 2850 256 2904 (lui
274 2849 352 2904 dabit
367 2854 461 2919 partes
479 2850 568 2904 scelus
585 2848 712 2918 expiandi

204 2925 223 2978 J
224 2924 354 2992 uppiterl
389 2924 513 2978 'landem
528 2924 622 2979 venias
638 2938 783 2991 precamur

204 2998 286 3053 Nube
303 2999 454 3052 candentes
470 2999 599 3053 humeros
615 2998 731 3052 amiotus

307 3076 405 3140 Augur
423 3072 522 3140 Apollo
531 3093 538 3139 ;
