2025 3409
359 40 563 91 CARMINUM
578 40 600 87 1.
621 42 659 86 12.

191 122 280 187 Quem
297 122 400 175 deuml
436 118 523 188 Cujus
539 117 644 171 recinet
655 115 750 184 jocosa

224 197 332 250 Nomen
350 196 440 263 imago
629 258 632 262 ἴ

192 274 250 327 Aut
267 271 296 325 11
312 270 448 324 umbrosis
467 268 608 323 Heliconis
625 266 679 321 oris

191 349 251 401 Ant
268 362 351 415 super
369 345 465 413 Pindo,
483 344 608 413 gelidove
625 344 653 396 in
672 343 778 397 Haemo

190 422 273 478 Unde
290 421 410 475 vocalem
427 424 533 475 temere
549 419 688 473 insecutae

225 496 336 567 Orphea
354 497 439 550 silvae

192 574 263 628 Arte
280 575 405 625 materna
421 570 532 641 rapidos
548 572 700 624 morantem

176 647 348 713 vllluminum
365 648 458 717 lapsus
475 646 634 715 celeresque
650 648 754 710 ventos,

191 722 327 779 Blandum
346 726 376 777 et
392 723 495 777 auritas
512 721 614 777 fidibus
631 721 735 793 canoris

227 798 336 852 Ducere
353 798 487 868 quercusl

192 873 359 943 Quidprius
376 873 466 927 dicem
483 872 571 926 solitis
586 871 709 940 parentis

192 948 340 1017 Laudibus,
359 950 406 1018 qui
423 946 808 1014 11111011111111111111111111

193 1024 247 1088 Qui
264 1040 339 1078 mere
357 1041 389 1078 ae
405 1028 494 1077 terres
511 1022 648 1092 variisque
665 1022 798 1075 mnndum

228 1099 373 1169 Temperat
390 1099 483 1153 borist

192 1174 277 1229 Unde
293 1175 331 1228 nil
348 1173 437 1243 majus
454 1176 601 1241 generatur
617 1172 683 1241 ipso,

194 1250 221 1303 N
223 1266 254 1303 ee
270 1249 345 1318 viget
362 1250 512 1319 quidquam
530 1248 618 1302 simile
635 1252 683 1302 aut
701 1246 861 1301 seeundum:

194 1325 335 1379 Proximos
352 1325 392 1379 ilii
409 1329 502 1379 tamen
520 1322 661 1392 occuparit
752 1384 755 1387 ⁴

229 1400 319 1453 Pallas
336 1400 459 1454 honores.

78 1506 82 1513 ·
195 1474 310 1528 Proeliis
327 1476 418 1530 audax
434 1492 525 1544 neque
541 1478 572 1528 te
590 1473 675 1528 silebo

175 1550 287 1619 tiber,
304 1554 333 1605 et
351 1552 438 1604 saevis
454 1550 564 1604 inimica
580 1550 666 1619 Virgo

195 1626 297 1694 Beluis,
316 1642 366 1679 neo
383 1630 419 1693 te,
438 1627 585 1691 metuende
602 1630 677 1680 certa

230 1701 341 1755 Phoebe
359 1702 465 1769 sagitte

195 1775 292 1830 Dicam
309 1780 340 1830 et
359 1777 474 1831 Alciden
491 1792 645 1845 puerosque
663 1777 762 1844 Ledae,

196 1852 279 1905 Hune
296 1852 381 1921 equis,
398 1853 475 1906 illum
493 1869 623 1921 superare
640 1852 738 1920 pugnis

197 1926 340 1993 Nobilem;
358 1944 473 1997 qnorum
490 1928 570 1981 simul
588 1928 650 1980 elba
666 1928 758 1982 nantis

231 2002 317 2056 Stella
334 2002 448 2069 refulsit,

197 2076 303 2132 Deiluit
320 2079 391 2131 saxis
409 2079 530 2146 agitatus
546 2079 651 2147 humor,

198 2153 352 2207 Gonoidunt
369 2155 443 2208 venti
461 2155 623 2223 fugiuntque
640 2156 733 2223 nubes,

198 2228 236 2282 Et
252 2228 351 2297 minax,
370 2230 444 2297 quod
462 2230 634 2297 deuoluere,
652 2236 736 2299 ponto

232 2303 315 2357 Unda
332 2304 473 2359 recumbit.

199 2378 344 2433 Romulum
362 2385 425 2448 post
441 2380 490 2433 hos
507 2380 584 2449 prius
601 2397 635 2434 an
654 2381 776 2450 quietum

120 2517 124 2530 ,
199 2455 315 2523 Pompili
334 2472 448 2523 regnum
465 2472 615 2509 memorem
632 2473 667 2510 an
685 2458 816 2525 superbos

199 2530 328 2600 Tarquini
346 2531 434 2584 fasces
452 2531 555 2599 dubito,
573 2548 608 2584 un
627 2532 736 2586 Catonis

233 2605 333 2660 Nobile
350 2607 442 2661 letum.

199 2681 335 2749 Regulum
353 2684 381 2735 et
400 2682 521 2749 Scauros,
538 2682 699 2752 animaeque
715 2700 828 2751 magnae

199 2755 348 2825 Prodigum
367 2757 490 2810 Paullum
509 2764 655 2825 superante
674 2759 771 2823 Poeno,

200 2831 301 2885 Gratus
318 2832 418 2899 insigni
436 2833 553 2886 referem
572 2834 697 2902 Camena,

235 2906 451 2976 Fabriciumque.

199 2980 282 3036 Hune
299 2986 328 3037 et
345 2982 487 3050 incomptis
506 2982 618 3035 Curium
635 2985 740 3051 capillis

200 3056 305 3111 Utilem
322 3055 393 3109 bello
411 3056 476 3109 tulit
493 3060 523 3109 et
541 3056 684 3109 Camillum
