2025 3409
98 26 129 73 40

365 21 519 71 HORATII
536 22 667 72 FLACOI

230 102 382 170 Pauperem
405 101 544 155 laboribus

263 176 383 231 Vocatus
403 182 486 246 atque
506 194 561 230 non
579 181 690 232 vocatus
708 178 793 235 audit

477 316 557 372 XIX.

228 398 370 453 Brocuuu
390 399 418 452 in
439 399 553 453 remotis
570 398 690 453 earmina
706 397 821 467 rupibus

228 473 295 528 Vidi
313 474 596 529 docentem—credite
614 474 752 543 posteri-

261 549 454 619 Nymphasque
474 549 610 603 discentes
630 553 660 603 et
677 566 757 602 aures

296 626 481 695 Capripedum
501 627 659 693 Satyrorum
676 628 777 680 acutas.

227 700 310 769 Euoe,
328 702 432 755 recenti
450 718 527 756 mens
547 700 668 769 trepidat
687 704 764 753 metu

227 776 366 845 Plenoque
385 776 484 831 Bacchi
502 780 612 845 pectore
630 774 771 829 turbidum

260 851 399 907 Laetatur.
434 854 517 921 Phoe,
537 868 618 921 parce
637 850 728 917 Liber,

296 927 387 997 Parce,
405 928 482 996 gravi
501 926 648 981 metuende
666 926 777 993 thyrso!

229 1001 282 1057 Fas
299 1004 452 1071 pervicaces
471 1006 514 1057 est
531 1002 599 1055 mihi
618 1000 752 1069 Thyiadas

226 1077 345 1148 Vinique
364 1080 467 1133 fontem
485 1078 564 1132 lactis
585 1080 615 1131 et
629 1077 729 1129 uberes
920 1090 943 1129 ro

261 1154 379 1209 Cartare
399 1155 479 1222 rivos,
496 1157 580 1222 atquo
597 1153 702 1207 trrmcis

294 1230 383 1299 Lapsa
401 1230 473 1284 cavis
491 1229 592 1283 iterare
611 1228 709 1292 mella;

226 1304 279 1359 Fas
297 1310 327 1360 et
345 1306 442 1360 beatae
461 1304 584 1372 conjugis
602 1303 728 1357 additum

225 1381 317 1436 Stellis
335 1382 471 1449 honorem,
491 1383 619 1448 tectaque
640 1378 756 1433 Penthei

259 1456 383 1525 Disjecta
402 1473 457 1511 nou
477 1456 532 1510 leni
549 1456 634 1522 ruina,

293 1532 403 1586 Thracis
422 1536 451 1587 et
471 1532 586 1585 exitium
605 1530 727 1599 Lycurgi.

224 1606 266 1661 ru
284 1607 370 1661 flectis
389 1624 490 1674 amnes,
510 1610 543 1661 tu
560 1623 635 1659 mare
655 1606 810 1674 barbarum,

223 1682 265 1736 Tu
285 1684 416 1751 separatis
434 1683 533 1737 uvidus
551 1682 581 1735 in
597 1681 672 1750 jugis

257 1757 284 1811 N
286 1758 338 1811 odo
359 1763 466 1813 coerces
484 1758 607 1826 viperino

292 1833 464 1887 Bistonidum
483 1833 541 1886 sine
558 1833 656 1886 fraude
676 1832 779 1887 crines:
912 1849 935 1887 aa
992 1849 993 1874 ³

223 1908 271 1976 Tu,
290 1925 349 1962 cum
369 1909 490 1978 parentis
510 1924 595 1976 regna
612 1924 662 1975 per
679 1908 794 1961 arduum

222 1982 325 2038 Cohors
346 1985 493 2051 Gigantum
514 1983 656 2037 scanderet
674 1983 764 2051 impia,

256 2058 393 2113 Rhoetum
413 2060 548 2113 retorsisti
569 2060 656 2113 leonis

290 2134 434 2202 Unguibus
452 2136 630 2203 horribilique
649 2134 735 2200 maia;

221 2208 391 2279 Quamquam
411 2210 516 2264 choreis
534 2212 624 2279 aptior
642 2214 671 2264 et
687 2210 759 2279 jocis
910 2228 933 2268 2⁵

221 2284 353 2354 Ludcque
374 2286 465 2340 dictus
485 2302 539 2339 non
558 2289 601 2339 sat
621 2286 735 2341 idoneus

254 2359 366 2428 Pugnae
385 2362 533 2417 ferebaris:
552 2361 695 2416 sedidem

289 2437 367 2491 Pacis
386 2454 446 2491 eras
464 2438 626 2505 mediusque
646 2438 719 2494 belli.

219 2509 257 2563 Te
279 2511 347 2566 vidit
367 2513 458 2567 insons
478 2513 614 2567 Cerberus
632 2530 715 2568 aureo

220 2584 310 2640 Oomu
331 2588 466 2657 decorum,
486 2589 586 2642 leuiter
603 2593 726 2643 atterens
907 2602 928 2644 a

253 2662 382 2732 Caudam,
403 2668 432 2718 et
452 2664 606 2718 recedentis
624 2664 748 2733 trilingui

287 2737 342 2793 Ore
363 2740 448 2807 pedes
467 2740 615 2809 tetigitque
635 2756 722 2795 crura.

474 2877 537 2934 XX.

217 2954 282 3011 Nou
301 2959 402 3011 usitata
419 2975 470 3011 nee
487 2960 564 3012 tenui
582 2961 654 3013 ferar

219 3030 311 3084 Peuua
331 3032 452 3085 biformis
471 3048 521 3097 per
540 3034 673 3100 liquidum
692 3035 806 3091 aethera
