2025 3409
96 38 143 85 192
369 32 523 84 nonam
541 34 670 84 FLACOI

95 115 201 184 Virtus,
217 114 329 183 indigno
346 131 400 168 non
417 115 613 169 committenda
629 118 734 184 poetae.
810 138 814 141 ·

94 190 196 245 Gratus
216 190 374 245 Alexandro
391 190 452 257 regi
470 191 572 257 Magno
589 191 643 244 fuit
660 191 707 245 illo

95 266 243 334 Choerilus,
260 265 370 320 incultis
387 266 435 334 qui
452 264 577 319 versibus
595 269 624 319 et
641 266 712 320 male
730 270 802 323 natis

94 340 214 396 Rettulit
232 345 364 409 acceptos,
382 341 475 408 regale
491 342 631 408 nomisma,
650 340 814 411 Philippos.¹

94 416 151 470 Sed
167 417 252 471 veluti
269 420 389 471 tractata
405 420 498 470 notam
517 416 661 486 labemque
678 420 825 473 remittunt
909 432 946 473 aab

95 494 267 561 Atramenta,
284 493 344 547 iere
362 491 510 559 scriptores
527 492 646 546 carmine
664 493 744 547 foedo

95 568 245 637 Splendida
261 570 333 622 iacta
349 568 446 622 linunt.
481 566 562 621 Idem
580 584 629 622 rex
646 568 692 622 ille
709 573 807 637 poema

95 644 149 709 Qui
165 649 223 699 tam
239 643 384 698 ridiculum
401 647 460 696 tam
477 660 541 696 care
557 644 688 711 prodigus
706 646 780 713 emit,

96 720 192 774 Edicto
210 720 298 774 vetuit
314 735 350 772 ne
367 719 430 789 quis
447 734 477 772 se
494 722 606 787 praeter
624 719 741 787 Apellen

97 796 233 863 Pingeret,
251 798 300 848 aut
316 794 387 848 alius
406 794 525 863 Lysippo
543 795 656 849 duceret
674 811 739 848 aera
912 812 952 851 rso

97 872 187 925 Fortis
206 870 358 925 Alexandri
375 870 480 924 vultum
499 870 660 923 simulantia
697 869 799 935 Quodsi

95 947 237 1000 Judicium
254 944 357 999 subtile
374 945 500 999 videndis
517 945 623 1000 artibus
640 946 708 999 illud

96 1022 143 1076 Ad
160 1022 244 1075 libros
261 1024 291 1075 et
309 1022 345 1075 ad
363 1021 430 1075 haec
448 1022 590 1075 Musarum
609 1022 678 1075 dona
696 1038 812 1089 vocares

96 1097 228 1152 Boeotum
246 1098 274 1150 in
293 1114 383 1150 masso
397 1097 507 1165 jurares
525 1101 588 1151 atre
606 1101 707 1151 natum.

96 1176 137 1228 At
153 1191 242 1244 neque
261 1173 426 1227 dedecorant
444 1177 494 1226 tua
511 1174 546 1225 de
564 1189 594 1226 so
608 1172 714 1240 judicia
731 1176 815 1241 atque
913 1188 952 1228 2⁴⁵

96 1250 217 1315 Munera,
236 1267 305 1318 quae
323 1250 410 1303 multa
427 1249 518 1302 dantis
536 1265 597 1301 cum
615 1248 696 1302 laude
714 1249 838 1303 tulerunt

96 1326 195 1379 Dilecti
213 1326 265 1378 tibi
284 1325 416 1392 Virgilius
436 1324 588 1392 Variusque
601 1328 712 1392 potitam

96 1401 122 1455 N
123 1419 155 1455 cc
172 1402 259 1469 magis
277 1401 398 1468 expressi
415 1399 507 1453 vultus
524 1415 574 1467 per
591 1404 676 1453 aenea
694 1400 778 1468 signa,

97 1477 185 1541 Quam
202 1494 254 1546 per
272 1477 342 1529 vatis
359 1492 427 1544 opus
444 1492 534 1528 mores
551 1475 688 1543 animique
705 1476 824 1529 virorum

97 1554 237 1607 Clarorum
255 1556 395 1619 apparent.
431 1550 490 1604 Nec
507 1566 645 1603 sermones
663 1567 713 1618 ego
730 1550 839 1604 mallem
912 1568 951 1606 πο

97 1628 236 1697 Repentes
253 1643 304 1695 per
320 1626 433 1679 humum
452 1642 533 1694 quam
550 1642 596 1679 res
615 1642 775 1695 componere
792 1630 892 1693 gestas,

96 1705 296 1771 Terrarumque
313 1703 382 1755 situs
399 1705 429 1755 et
447 1701 559 1755 flumina
576 1702 674 1769 dicere,
693 1706 722 1755 et
739 1718 815 1756 arces

96 1779 237 1834 Montibus
254 1778 401 1846 impositas,
420 1782 450 1831 et
466 1777 585 1831 barbam
602 1793 692 1845 regna
710 1778 820 1846 tuisque

98 1856 235 1926 Auspiciis
251 1858 340 1908 totum
358 1854 482 1907 confecta
498 1852 590 1906 duella
607 1870 657 1921 per
673 1852 775 1920 orbem,

97 1933 276 1998 Claustraque
293 1930 434 1983 custodem
450 1928 526 1996 pacis
543 1928 696 1983 cohibentia
713 1928 732 1981 J
734 1945 821 1997 auum,
912 1946 951 1986 πε

98 2009 134 2062 Et
150 2006 325 2060 formidatam
343 2003 453 2057 Parthis
470 2007 500 2057 te
517 2003 641 2073 principe
660 2004 782 2071 Romam,

98 2084 125 2136 Si
139 2085 270 2151 quantum
281 2096 408 2149 cuperem
419 2094 526 2147 possem
539 2094 660 2147 quoque;
672 2080 721 2133 sed
732 2096 820 2149 neque
831 2096 951 2149 paruum

98 2160 214 2210 ilarmen
232 2156 361 2225 majestas
377 2154 475 2221 recipit
492 2157 541 2207 tua
558 2169 609 2207 nec
627 2171 703 2207 meus
720 2154 804 2209 audet
843 2214 847 2223 ,

98 2234 168 2288 Rem
185 2236 293 2287 tentare
310 2231 398 2300 pudor
416 2247 498 2298 quam
516 2231 588 2283 vires
605 2230 678 2284 ferre
696 2234 829 2285 recusent

98 2309 235 2362 Sedulitas
252 2311 344 2360 autem
362 2305 446 2359 stulte
464 2320 546 2373 quem
564 2304 655 2372 diligit
671 2310 761 2374 urget,
902 2325 952 2365 sao

99 2385 246 2453 Praecipue
263 2400 324 2436 cum
343 2398 372 2435 se
390 2382 510 2434 numeris
528 2380 701 2435 commendat
718 2387 747 2435 et
764 2385 837 2437 arte:

98 2461 186 2514 Discit
203 2462 276 2513 enim
292 2459 373 2512 citius
390 2457 570 2524 meminitque
587 2456 716 2511 libentius
734 2456 802 2510 illud

98 2535 178 2600 Quod
196 2536 258 2603 quis
276 2534 391 2597 deridet
409 2548 490 2600 quam
509 2531 583 2599 qued
600 2531 699 2599 probat
716 2535 745 2585 ct
761 2536 917 2592 veneratur.

98 2612 145 2666 Nil
162 2627 253 2664 moror
270 2609 385 2662 officium
403 2607 477 2675 quod
494 2623 539 2660 me
556 2609 660 2675 gravat,
679 2624 711 2661 ae
728 2624 818 2682 neque
835 2608 901 2663 ficto

99 2688 133 2741 Iu
149 2685 230 2756 pejus
246 2685 325 2738 vultu
341 2682 454 2752 proponi
472 2698 567 2735 cereus
585 2698 707 2751 usquam,
785 2674 789 2689 '
919 2690 956 2731 ser

98 2763 123 2814 N
126 2780 157 2814 ec
174 2776 259 2827 prave
277 2759 356 2811 factis
374 2757 498 2810 decorari
516 2757 639 2811 versibus
657 2762 727 2827 opto,
780 2798 783 2819 ,

98 2836 124 2887 N
126 2852 142 2887 e
158 2833 270 2885 rubeam
287 2832 382 2899 pingui
400 2831 517 2883 donatus
535 2849 655 2899 munere,
674 2838 704 2886 et
720 2850 774 2887 una

98 2908 167 2960 (lum
185 2907 316 2972 scriptore
334 2921 401 2972 meo,
419 2922 500 2971 capsa
518 2913 658 2973 porrectus
676 2916 778 2977 aperta,

98 2980 215 3032 Deferat
232 2980 261 3029 in
279 2979 367 3031 vicum
385 2978 548 3033 vendentem
565 2982 629 3034 thus
647 2986 676 3036 et
693 2984 790 3039 odores

98 3052 135 3105 Et
151 3052 230 3116 piper
247 3054 277 3101 et
293 3052 428 3117 quidquid
446 3052 547 3106 chartis
567 3055 693 3109 amicitur
708 3058 817 3127 ineptis.
