2025 3409
355 76 511 127 HORATII
528 77 658 127 FLACCI

219 155 353 209 Ornatam
370 157 443 210 foliis
461 157 567 225 ducem,

254 231 333 295 Quod
351 248 447 299 regum
465 232 585 285 tumidus
603 232 761 288 contuderit
777 233 874 302 minas,

123 336 125 340 ·
222 306 359 360 Ostendet
374 307 522 373 Capitolio:

253 382 310 437 Sed
321 398 391 450 quae
403 382 487 435 'libur
498 399 586 450 aquae
598 383 689 437 fertile
701 383 857 453 praefluunt
917 399 942 438 ro

220 457 259 512 Et
277 458 379 524 spissae
396 474 538 511 nemorum
556 474 649 511 comae

255 534 374 601 Fingent
392 534 490 587 Aeolio
507 534 626 586 carmine
643 532 769 589 nobilem.

220 608 325 663 Romae
342 608 472 677 principis
490 608 599 661 urbium

254 684 390 753 Dignatur
408 684 516 737 suboles
533 684 608 737 inter
624 683 755 738 amabiles

219 758 323 815 Vatum
339 776 442 827 ponere
459 775 503 813 me
521 759 624 826 choros,
922 776 937 816 5

254 836 291 889 Et
304 835 364 904 jam
382 835 465 889 dente
484 835 574 888 minus
590 834 719 889 mordeor
735 835 834 891 invido.

221 911 253 977 0,
270 910 418 965 testudinis
436 926 534 963 aureae

254 986 368 1039 Duloem
386 1003 456 1055 quae
475 986 628 1054 strepitum,
648 985 730 1054 Pieri,
747 989 893 1055 temperas,

221 1061 245 1116 Ο
264 1062 347 1115 mutis
364 1078 472 1129 quoque
489 1062 609 1130 piscibus

256 1137 396 1191 Donatura
412 1137 495 1205 cycni,
514 1138 537 1190 si
553 1137 645 1206 libeat,
662 1154 765 1206 sonum,
911 1156 937 1193 aa

221 1211 319 1266 Totum
336 1214 455 1266 muneris
472 1214 524 1266 hoc
542 1214 583 1267 tui
601 1218 657 1267 est:

257 1288 336 1352 Quod
353 1292 490 1342 monstror
509 1288 595 1356 digito
612 1288 846 1357 praetereuntium

221 1362 359 1417 Romanae
376 1363 475 1417 fidicen
492 1363 575 1431 lyrae,

256 1438 335 1501 Quod
353 1437 426 1506 spiro
444 1441 472 1492 et
489 1437 632 1508 placeo-si
649 1437 750 1507 placeo,
768 1441 846 1492 tuum
863 1447 917 1494 est.

484 1581 535 1638 IV.

222 1664 344 1727 Quinum
362 1663 516 1717 ministrum
534 1663 654 1717 fulminis
671 1664 772 1731 alitem,

222 1741 273 1795 Oui
291 1756 340 1793 rex
358 1739 471 1793 deorum
489 1756 604 1807 regnum
621 1741 650 1792 in
667 1756 732 1793 aves
749 1756 832 1809 vagas

256 1814 387 1869 Permisit
405 1820 535 1885 expertus
553 1815 662 1869 fidelem

253 1907 255 1912 ·
290 1890 421 1959 Juppiter
437 1892 466 1943 in
485 1891 644 1959 Ganymede
662 1891 739 1963 flavo,

223 1965 295 2019 Olim
308 1966 438 2033 juventas
456 1967 610 2035 et⁴patrius
628 1967 713 2035 rigor?
923 1984 935 2024 a

222 2040 296 2097 Nido
313 2041 436 2095 laborum
453 2043 575 2110 propulit
592 2043 713 2109 inscium,

257 2118 397 2186 Vernique
410 2118 470 2187 jam
488 2118 589 2171 nimbis
605 2120 716 2173 remotis

292 2193 419 2246 insolitos
437 2193 554 2248 docuere
572 2194 647 2248 nisus

223 2266 307 2322 Venti
325 2272 476 2338 paventem,
494 2286 557 2323 mox
574 2270 603 2322 in
620 2270 701 2323 ovilia

224 2344 342 2399 Demisit
358 2344 466 2399 hostem
483 2346 589 2399 vividus
606 2346 732 2415 impetus,
914 2365 935 2403 ro
1009 2377 1010 2406 1

257 2420 283 2475 N
285 2437 338 2474 unc
355 2419 383 2474 in
401 2421 568 2475 reluctantes
586 2422 717 2475 dracones

291 2496 356 2565 Egit
373 2513 449 2550 amor
466 2497 545 2565 dapis
562 2501 646 2566 atque
662 2514 783 2566 pugnae:

224 2571 371 2637 Qualemve
389 2572 469 2626 laetis
486 2589 586 2640 caprea
601 2574 709 2641 pascuis

223 2648 337 2702 Intenta
353 2648 444 2701 fulvae
462 2649 558 2701 pratris
576 2648 612 2701 ab
628 2648 715 2703 ubere

256 2724 321 2776 dam
339 2723 409 2777 lacte
428 2723 572 2791 depulsum
589 2723 695 2777 leonem
914 2738 936 2778 15
1009 2789 1010 2802 ἵ

292 2797 382 2851 Dente
399 2815 468 2850 novo
484 2799 609 2865 peritura
625 2799 708 2853 vidit:
830 2863 834 2874 .
928 2836 933 2843 =

225 2870 328 2925 Videre
346 2872 441 2925 Raetis
459 2872 532 2925 bella
550 2872 601 2925 sub
619 2873 738 2941 Alpibus

225 2944 345 2998 Drusum
362 2948 503 3011 gerentem
521 2946 656 2998 Vindelici
666 2946 807 3015 ;—quibus

259 3018 321 3071 Mos
337 3018 410 3070 unde
427 3018 562 3072 deductus
578 3036 629 3087 per
645 3037 727 3074 omne

294 3090 411 3155 Tempus
429 3094 576 3147 Amazonia
593 3097 682 3148 securi
