2025 3409
373 63 591 113 SATIRARUM
608 65 644 115 Π.
665 67 687 114 3.
902 62 947 110 137

87 139 286 195 Saturnalibus
302 142 356 197 huc
374 144 473 211 fugisti.
510 143 621 197 Sobrius
639 159 704 211 ergo
935 157 947 197 a

90 216 145 270 Dic
163 216 269 285 aliquid
286 217 399 285 dignum
416 219 569 286 promissis:
587 218 684 286 incipe.
720 216 766 270 Nil
784 220 842 273 est:

89 291 247 359 Gulpantnr
263 293 367 347 frustra
383 293 486 358 calami,
503 294 710 360 immeritusque
728 292 834 347 laborat

89 366 179 420 Iratis
194 372 276 421 natus
293 369 384 437 paries
400 369 444 422 dis
460 373 545 437 atque
562 369 659 437 poetis.

89 442 183 511 Atqui
202 444 294 497 vultus
312 447 374 498 erat
390 445 477 498 multa
494 448 524 498 11
541 444 679 512 praeclara
697 442 825 495 minantis

88 517 122 571 Si
139 534 257 572 vacuum
274 519 369 588 tepido
386 520 504 588 cepisset
521 520 614 573 villula
631 522 712 572 tecto.
925 532 948 573 11

89 592 231 655 Quorsum
247 595 380 663 pertinuit
397 594 500 663 stipare
519 596 633 649 Platona
652 592 811 659 Menandro,

88 667 220 736 Eupolin,
238 670 440 737 Archilochum,
457 671 573 725 comites
591 670 707 723 educere
725 670 836 723 tentesl

90 742 231 798 Invidiam
247 745 356 813 placem
372 761 452 814 pares
469 746 573 801 virtute
590 746 704 799 relictui

89 818 276 873 Contemnere
293 822 390 886 miser;
408 822 519 877 vitanda
537 826 581 875 est
597 820 721 890 improba
740 820 817 874 Siren

89 893 215 962 Desidia,
232 900 282 949 aut
300 896 435 965 quidquid
453 898 511 951 vita
528 897 640 951 meliore
657 895 760 964 parasti
925 910 946 950 11

89 968 254 1024 Ponendum
271 988 359 1039 aequo
376 972 486 1027 animo?
512 972 571 1026 “Di
587 976 624 1040 te,
637 971 810 1039 Damasippe‚
822 970 944 1039 deaeque

89 1046 252 1100 Verum-ob
269 1048 410 1102 eonsilium
428 1049 532 1103 donent
549 1052 666 1102 tonsore.
702 1047 758 1101 Sed
773 1046 850 1109 ,unde

88 1121 160 1175 Tam
170 1122 242 1176 bene
254 1140 299 1177 me
310 1124 383 1178 nosti
392 1125 417 1179 l'
439 1125 611 1193 “Postquam
623 1124 710 1177 omnis
719 1138 764 1177 res
773 1138 834 1177 mea
843 1122 861 1176 J
863 1140 944 1177 anum

88 1197 139 1251 Ad
157 1198 278 1252 medium
295 1200 383 1254 fracta
399 1203 442 1254 est
458 1200 547 1254 aliena
564 1200 674 1267 negotia
691 1216 762 1268 curo,

88 1274 231 1327 Excessus
248 1275 374 1345 propriis.
410 1275 481 1329 Olim
500 1292 564 1328 nam
581 1290 713 1343 quaerere
731 1274 863 1340 amabam,
921 1290 944 1329 11

87 1348 152 1413 Quo
170 1350 247 1404 valer
263 1351 310 1405 ille
325 1352 411 1419 pedes
427 1351 539 1405 lavisset
558 1349 687 1418 Sisyphus
704 1366 774 1416 aere,

88 1424 165 1489 Quid
183 1427 319 1496 sculptum
336 1427 448 1494 infabre,
467 1426 535 1495 quid
552 1426 643 1479 fusum
660 1425 756 1478 durius
773 1429 846 1481 esset

87 1501 215 1555 callidus
232 1502 295 1557 huic
312 1504 390 1571 signo
406 1502 541 1572 ponebam
558 1502 643 1555 millia
659 1505 782 1567 centum;

87 1576 197 1631 Hortos
216 1578 395 1647 egregiasque
412 1578 508 1631 domos
526 1577 674 1632 mercarier
691 1594 760 1630 unus

87 1652 161 1707 cnm
179 1653 254 1707 luero
270 1671 379 1719 noram3
396 1654 470 1707 unde
487 1653 642 1721 frequentia
661 1652 825 1707 Mercuriale
920 1670 943 1709 ss

87 1728 252 1797 Imposuere
270 1729 336 1782 mihi
353 1746 502 1797 cognomen
521 1729 659 1797 compita''
696 1728 711 1755 “
719 1728 745 1781 N
747 1728 798 1795 ovi,

87 1806 127 1858 111
145 1806 230 1859 miror
247 1804 334 1858 morbi
352 1809 499 1873 purgatum
516 1809 545 1859 te
562 1805 642 1859 illius.
677 1804 765 1873 Atqui

87 1881 201 1935 Emorit
216 1883 338 1935 retorem
355 1882 424 1934 mire
441 1898 535 1947 novus,
554 1884 586 1933 ut
604 1880 674 1934 solet
690 1880 719 1932 in
737 1895 783 1933 011

87 1956 217 2025 Trajeeto
233 1956 328 2010 lateris
344 1957 436 2010 miseri
453 1956 583 2024 capitisve
601 1955 700 2021 dolore,

87 2032 131 2087 Ut
149 2032 315 2099 lethargicus
331 2032 376 2085 hie
393 2049 454 2085 cum
472 2033 505 2086 fit
521 2032 597 2100 pugil
615 2035 644 2084 11
660 2030 796 2084 medicum
814 2034 899 2099 urget.
917 2048 940 2087 aa

87 2108 166 2162 Ilum
177 2124 213 2161 ne
225 2107 291 2175 quid
303 2108 391 2161 simile
403 2108 466 2161 hnic
478 2111 538 2161 esto
550 2111 582 2160 ut
593 2106 683 2161 libet.”
713 2106 757 2159 “0
776 2107 853 2174 bene,
865 2123 899 2160 ne
911 2110 940 2161 te

87 2183 255 2249 Frustrere;
271 2182 373 2236 insanis
391 2188 421 2237 et
437 2187 469 2236 tu
486 2183 618 2250 stultique
634 2198 718 2250 prope
736 2198 837 2251 omnes,

87 2260 120 2314 si
138 2259 207 2328 quid
224 2259 373 2313 Stertinius
389 2259 448 2311 veri
465 2263 565 2327 crepat,
584 2258 657 2311 unde
675 2274 724 2325 ego
742 2257 811 2311 mira

86 2334 229 2403 Descripsi
247 2333 342 2387 docilis
358 2337 505 2402 praecepta
523 2333 596 2398 haec,
614 2336 739 2399 tempore
757 2348 810 2398 quo
827 2350 872 2388 me

86 2410 201 2465 Solutus
214 2408 299 2477 jussit
317 2410 468 2478 sapientem
485 2424 598 2477 pascere
615 2406 728 2459 barbam
917 2425 941 2464 aa

86 2488 187 2554 Atque
204 2502 221 2538 a
238 2484 363 2538 Fabricio
380 2501 434 2537 nou
451 2485 560 2537 tristem
579 2485 662 2551 ponte
679 2482 788 2537 reverti.

86 2561 162 2615 Nam
179 2560 251 2614 male
267 2577 299 2614 re
315 2564 394 2627 gesta
411 2576 473 2613 cum
490 2559 587 2612 vellem
606 2558 715 2611 mittere
733 2561 828 2625 operto

86 2635 137 2689 Me
155 2636 245 2703 capite
263 2634 292 2687 in
310 2635 416 2698 flumen,
434 2633 535 2687 dexter
554 2632 633 2686 stetit
650 2636 686 2699 et,
707 2632 778 2686 Cave
795 2634 865 2686 faxis

86 2711 127 2765 'l'e
145 2710 295 2779 quidquam
312 2710 471 2779 indignum3
489 2708 585 2777 pudor,
597 2708 693 2776 inquit,
705 2711 734 2761 te
751 2708 837 2762 malus
855 2709 937 2777 angit,

89 2788 203 2841 Insanos
220 2786 268 2853 qui
285 2785 358 2839 inter
374 2801 485 2838 vereare
502 2786 612 2837 insanus
629 2782 730 2837 haberi
915 2800 937 2839 1

87 2862 211 2916 Primum
223 2877 288 2915 nam
298 2860 434 2928 inquiram
446 2860 513 2929 quid
526 2860 562 2913 sit
573 2860 681 2913 furere:
699 2859 750 2913 hoc
768 2858 792 2912 si
803 2860 857 2914 erit
869 2860 897 2914 in
911 2864 938 2915 ta

87 2938 152 2992 Solo
169 2936 209 2990 nil
225 2936 303 2990 verbi
320 2952 417 3004 pereas
435 2936 501 3005 quin
520 2935 629 2987 fortiter
647 2934 755 2988 addam.

87 3014 177 3079 Quem
194 3012 267 3065 mala
284 3010 402 3065 stultitia
419 3014 448 3063 ct
465 3025 653 3078 quemcunque
670 3010 778 3062 inscitia
795 3010 852 3063 reri

86 3091 206 3145 caecum
224 3087 290 3155 agit,
307 3085 432 3138 insanum
451 3084 594 3151 Chrysippi
611 3083 731 3149 porticus
749 3088 778 3137 et
795 3099 863 3150 grex
