2025 3409
113 62 128 106 4
388 56 540 107 HORA'I'II
557 59 688 107 FLACCI

277 144 339 207 -Qui
356 140 427 195 vidit
443 155 520 195 mare
536 139 678 209 turgidum
695 146 726 196 et
806 159 809 164 ·

252 218 371 272 Infames
389 215 512 284 scopulos
532 216 752 273 Acroceraunia!

284 292 475 361 Nequioquam
494 290 563 345 deus
580 291 699 346 abscidit

251 367 375 421 Prudens
394 369 502 421 Oceano
521 367 686 420 dissociabili

285 444 382 497 Terras
400 443 423 496 si
441 446 536 497 tamen
553 443 652 511 impiae

249 520 311 574 Non
329 518 467 587 tangenda
484 522 560 573 rates
576 519 733 572 transiliunt
750 520 827 575 vada

285 596 386 649 Audax
404 595 494 649 omnia
511 595 620 664 perpeti
678 598 720 649 ἱυ.
731 621 752 639 2»

248 670 323 726 Gens
340 672 459 725 humana
476 671 533 725 ruit
551 688 601 739 per
617 671 734 725 vetitum
750 672 831 733 nefas,

283 746 385 799 Audax
404 746 493 815 Iapeti
511 762 598 814 genus
798 754 804 762 '

248 820 344 889 Ignem
362 822 460 876 fraude
476 821 548 875 mala
565 820 693 889 gentibus
710 820 811 886 intulit

283 897 374 950 Post'
366 913 457 965 ignem
474 896 598 950 aetheria
615 895 696 951 domo

247 971 419 1026 Subductum
436 971 538 1025 macies
554 975 586 1025 et
601 987 673 1025 nova
689 970 805 1025 febrium

281 1047 373 1101 Terris
390 1046 516 1101 incubuit
533 1047 635 1114 cohors,

247 1121 407 1192 Semetique
424 1122 500 1191 prius
518 1122 600 1176 tarda
616 1120 765 1175 necessitas

281 1197 342 1252 Leti
360 1198 493 1267 corripuit
510 1197 636 1267 gradum.

245 1272 384 1341 Expertus
401 1290 517 1328 vacuum
535 1272 675 1327 Daedalus
692 1276 757 1325 aira

281 1349 381 1403 Pennis
398 1366 451 1403 non
469 1348 571 1401 honrini
589 1348 679 1412 datis;

246 1423 377 1493 Perrupii
396 1424 554 1477 Acheronta
571 1423 724 1477 Herculeus
741 1422 825 1478 labor.

280 1500 328 1554 Nil
345 1500 506 1554 mortalibus
524 1498 603 1551 ardui
620 1502 663 1553 est
672 1520 679 1563 ;

247 1574 361 1630 Caelum
378 1576 468 1643 ipsum
486 1574 605 1643 petimus
622 1574 748 1644 stultitia,
765 1592 855 1645 neque

279 1651 333 1705 Per
349 1653 473 1704 nostrum
492 1650 612 1719 patimur
628 1650 718 1705 scelus

245 1725 380 1780 Iraeuuda
397 1724 416 1779 J
419 1741 496 1781 ovem
514 1741 616 1796 ponere
632 1725 752 1781 fulmina

506 1867 558 1923 IV.

105 1948 244 2003 Soavrrua
261 1949 332 2005 acris
349 1952 437 2007 hiems
455 1955 535 2020 grata
552 1950 612 2005 vice
629 1951 702 2005 veris
719 1952 750 2005 et
766 1914 875 2017 Favoni,

138 2023 317 2093 Trahuntque
335 2028 418 2081 siccas
436 2027 578 2081 machinae
595 2026 708 2094 carinas,

105 2098 147 2152 Ac
163 2116 253 2168 neque
266 2100 327 2167 jam
345 2100 459 2154 stabulis
476 2101 581 2169 gaudet
593 2116 682 2187 pecus
699 2102 748 2153 aut
765 2099 883 2154 arator
874 2101 949 2167 igni;

138 2173 165 2227 N
167 2190 198 2229 ec
214 2179 294 2242 prata
311 2175 385 2227 canis
402 2174 523 2229 albicant
539 2174 651 2242 pruinis.

103 2249 168 2303 Jam
186 2250 323 2319 Cytherea
338 2250 434 2303 choros
452 2250 530 2303 ducit
547 2249 642 2301 Venus
658 2247 817 2303 imminente
834 2250 921 2319 Luna,
946 2268 957 2307 s
997 2289 998 2294 κ

137 2326 312 2394 iunctaeque
329 2324 464 2394 Nymphis
482 2324 595 2379 Gratiae
612 2323 742 2377 decentes

104 2402 219 2455 Alterno
237 2404 341 2455 terram
358 2401 486 2470 quatiunt
503 2400 584 2469 pede,
602 2399 669 2453 dum
685 2415 783 2479 graves
800 2400 950 2472 Cyclopum

138 2476 276 2530 Vulcanus
293 2476 392 2530 ardens
410 2476 466 2529 urit
483 2476 610 2529 officinas.

102 2550 128 2604 N
131 2566 182 2605 une
200 2552 281 2607 decet
298 2556 347 2605 aut
363 2552 444 2605 viridi
461 2551 579 2606 nitidum
597 2553 679 2620 caput
696 2550 831 2620 impedire
847 2558 939 2621 myrto

137 2627 197 2680 Aut
213 2626 280 2681 flore
297 2630 389 2681 terme
406 2643 489 2696 quem
506 2627 599 2681 ferunt
616 2627 728 2681 solutae.
934 2650 957 2690 ιο

100 2703 183 2758 Nunc
200 2706 230 2757 et
245 2702 275 2756 in
292 2702 427 2756 umbrosis
446 2702 540 2756 Fauno
557 2703 637 2757 decet
654 2703 796 2760 immolare
812 2705 889 2762 lueis

137 2778 192 2833 Seu
208 2782 303 2847 poscat
320 2794 416 2846 agnam
435 2778 492 2832 sive
510 2778 588 2832 malit
605 2778 732 2833 haedum.

102 2855 208 2910 Pallida
225 2855 302 2908 Mors
319 2871 406 2924 aequo
423 2854 515 2923 pulsat
531 2855 603 2924 pede
619 2871 773 2926 pauperum
790 2855 918 2910 tabernas

137 2931 297 3000 Regumque
314 2933 412 2984 turres.
447 2930 470 2984 Ο
489 2930 571 2987 beate
589 2932 671 3001 Sesti,

104 3005 184 3061 Vitae
196 3021 301 3059 summa
312 3005 402 3060 brevis
412 3022 487 3075 spem
496 3023 546 3062 nos
553 3011 631 3062 vetat
638 3008 767 3063 inchoare
777 3007 893 3074 longam
926 3020 949 3059 ra

135 3080 199 3134 Jam
216 3082 246 3134 te
263 3085 372 3149 premet
389 3096 443 3133 nox
460 3080 623 3151 fabulaeque
640 3083 737 3138 Manes
