2025 3409
302 81 504 131 CARMINUM
522 81 575 131 111.
592 83 632 131 25.
857 84 890 130 ⁶³

175 164 227 220 Vel
245 179 295 217 nos
314 164 343 215 in
360 179 436 216 mare
453 161 608 230 proximum

208 241 340 293 Gemmas
358 240 387 290 et
404 237 510 307 lapides
528 252 625 289 aurum
642 240 673 290 et
689 236 794 306 inutile,

172 314 278 370 Summi
297 313 441 366 materiem
459 311 532 379 mall,

209 390 355 443 Mittamus
373 388 509 441 scelerum
526 387 550 439 si
567 385 638 440 bene
655 387 785 455 poenitet
867 406 890 446 co

173 464 323 519 liradouda
339 463 476 531 cupidinis

208 540 290 594 Prari
308 541 375 593 sunt
392 537 535 604 elementa,
554 540 584 591 et
600 540 714 591 murrae
730 538 813 592 nimis

172 615 283 671 Montes
300 612 488 683 asperioribus

208 690 381 744 Formandae
397 688 506 742 studiis.
543 688 637 742 Nescit
654 704 725 757 equo
742 688 819 743 rudis

173 764 298 819 Haerere
316 766 450 832 ingenuus
468 779 539 831 puer
866 778 889 819 ιι

207 842 365 910 Venerique
382 840 473 906 timet,
491 838 589 891 ludere
606 838 719 906 doctior,

171 914 228 970 Seu
245 917 352 969 Graeco
365 914 466 983 jubeas
483 914 581 967 trocho

207 991 262 1044 Seu
279 992 359 1045 malis
375 990 462 1044 vetita
478 989 588 1056 legibus
605 989 671 1058 alea,

172 1066 243 1121 (lum
261 1066 374 1135 perjura
391 1065 480 1134 patris
499 1066 570 1118 fides

208 1143 370 1196 consortem
388 1140 491 1193 socium
510 1141 588 1194 fallat
603 1143 635 1195 et
651 1140 787 1210 hospitem
864 1157 888 1198 oo

171 1216 347 1286 indignoque
364 1216 509 1285 pecuniam

207 1292 313 1346 Herodi
331 1296 468 1360 properet
504 1291 613 1346 Scilicet
630 1291 770 1362 improbae

171 1367 308 1421 Crescunt
324 1367 456 1433 divitiae;
477 1371 570 1421 turries

205 1443 308 1497 Curiae
325 1443 415 1496 neseio
431 1443 500 1511 quid
518 1458 629 1511 semper
644 1442 724 1497 abest
741 1449 788 1498 rei.

169 1665 232 1731 Quo
249 1681 303 1731 me,
323 1664 438 1732 Bacche,
456 1666 530 1733 rapis
547 1667 589 1720 tui

206 1742 322 1795 Plenum
329 1743 339 1794 ‘l
351 1757 422 1809 quae
431 1744 597 1795 nemoraaut
604 1742 779 1811 quosagorin
788 1758 885 1812 speum

169 1814 259 1870 Velox
277 1820 371 1871 mente
388 1818 475 1871 noval
492 1816 593 1885 quibus

207 1892 306 1946 Antris
324 1891 429 1959 egregii
448 1892 572 1946 Caesaris
588 1891 684 1946 audiar

171 1968 324 2021 Aeternum
341 1967 477 2021 meditans
495 1967 579 2020 decus
872 1984 886 2024 s

204 2042 298 2097 Stellio
315 2044 435 2097 inserere
453 2046 483 2096 et
499 2043 610 2096 consilio
627 2044 727 2100 Jovisl

168 2116 267 2172 Dioem
284 2118 391 2186 insigne
408 2134 503 2171 recens
520 2118 611 2171 adhue

205 2194 343 2248 Indicium
361 2210 408 2247 ore
425 2193 484 2248 alio.
520 2194 583 2247 Non
601 2210 679 2247 secus
695 2195 724 2248 in
737 2196 814 2265 jugis

169 2268 315 2323 Exsomnis
334 2272 428 2337 stupet
446 2270 530 2323 Eluias

205 2344 332 2398 Hebrum
349 2344 518 2413 prospiciens
535 2347 565 2398 et
581 2344 645 2399 rire
661 2345 810 2399 candidam
864 2369 884 2402 ιι

167 2418 293 2473 'l'hracan
310 2436 342 2473 ae
358 2420 429 2488 pede
447 2419 564 2473 barbaro

204 2495 361 2549 Lustratum
379 2494 539 2564 Rhodopen,
556 2498 589 2549 ut
605 2494 673 2549 mihi
690 2494 770 2550 devio

170 2568 256 2637 Ripae
274 2574 304 2624 et
321 2586 437 2623 vacuum
454 2586 552 2623 nemus

204 2644 300 2699 Mirari
317 2645 393 2700 libet.
428 2645 453 2698 0
472 2644 611 2699 Naiadum
628 2648 726 2715 potens

169 2718 395 2790 Baccharumque
412 2721 562 2775 valentium
860 2738 883 2779 ιε

204 2796 333 2849 Procerus
350 2796 475 2851 inanibus
493 2800 602 2851 vertere
618 2797 746 2867 fraxinos,

167 2869 216 2925 Nil
233 2887 348 2937 parsurm
366 2875 414 2925 aut
431 2872 528 2925 humili
545 2872 633 2939 modo,

203 2945 251 2999 Nil
268 2947 381 3000 mortale
398 2945 500 3014 loquar,
536 2946 623 3001 Duloe
639 2948 791 3016 pericuum
808 2953 858 3015 eet,

167 3018 194 3075 0
213 3020 328 3087 Lenaee,
347 3022 425 3089 sequi
444 3020 525 3074 deum

202 3094 367 3165 Cingentem
384 3094 466 3147 viridi
484 3099 609 3161 ternpore
624 3095 760 3161 pampino.
851 3109 856 3119 ’
