2025 3409
57 49 104 99 lat
331 48 485 97 HORATII
501 48 632 99 FLACGI

55 126 156 183 Libera
171 144 223 197 per
239 145 353 182 vacuum
371 127 449 197 posui
467 129 583 197 vestigia
599 130 734 199 princeps,

54 202 116 257 Non
134 204 223 257 aliena
241 220 302 259 meo
319 204 407 273 pressi
424 204 505 273 pede.
540 205 593 270 Qui
612 202 664 258 sibi
682 206 745 259 fidit

54 278 118 332 Dux
135 279 208 347 regit
226 296 348 335 examen.
384 280 479 334 Parios
497 297 548 349 ego
565 281 669 349 primus
688 280 791 335 iambos

54 353 171 407 Ostendi
189 354 276 423 Latio,
294 373 422 410 numeros
438 356 599 425 animosque
617 360 726 409 secutus

54 429 218 498 Archilochi,
235 448 290 484 non
308 437 399 486 11111
417 432 527 499 agentia
545 431 629 485 verba
648 430 807 499 Lycamben
881 450 908 490 25

54 507 98 559 Ac
114 522 149 559 111
166 523 210 559 me
227 506 300 559 foliis
316 507 380 560 ideo
397 507 567 560 brevioribus
585 523 666 560 ornes

54 580 134 643 Quod
151 582 230 635 timui
248 587 356 636 mutare
372 581 468 635 modos
485 585 516 636 et
533 582 660 635 carminis
679 585 776 649 artam,

53 655 201 725 Temperat
217 658 375 712 Archilochi
393 658 502 711 Musam
519 657 591 727 pede
608 657 728 710 mascula
746 658 863 727 Sappho,

53 731 199 801 Temperat
218 733 344 800 Alcaeus,
362 733 412 787 sed
430 732 512 786 rebus
530 735 559 786 11
576 732 673 786 ordine
692 732 793 801 dispar,

54 806 80 860 N
81 824 112 861 ec
130 826 252 863 socerum
270 809 379 878 quaerit
396 825 478 878 quem
495 808 620 862 versibus
637 806 740 860 oblinat
758 808 833 875 atris,
884 824 906 864 11

54 882 113 936 Nec
130 901 244 953 sponsae
261 886 388 953 laqueum
406 885 509 938 famoso
527 883 646 937 carmine
663 882 757 937 nectit.

55 959 137 1013 Hunc
154 976 204 1028 ego
221 977 275 1014 non
292 960 345 1013 alio
363 960 468 1013 dictum
483 959 560 1027 prius
579 975 625 1011 ore
645 956 760 1011 Latinus

54 1033 171 1101 Vulgari
189 1036 304 1101 fidicen;
316 1036 398 1104 juvat
414 1037 603 1088 immemorata
621 1034 757 1087 ferentem

56 1109 185 1176 ingenuis
202 1112 340 1181 oculisque
356 1111 412 1179 legi
428 1110 609 1179 manibusque
627 1110 724 1162 teneri.

54 1185 130 1238 Scire
146 1186 214 1241 velis
231 1204 293 1241 mea
309 1204 358 1242 cur
374 1188 498 1254 ingratus
516 1184 645 1255 opuscula
660 1185 746 1239 lector
882 1199 907 1241 11

56 1260 163 1315 Laudet
179 1267 307 1331 amatque
324 1262 404 1325 domi,
423 1265 532 1331 premat
550 1264 628 1313 extra
644 1259 729 1313 limen
746 1258 879 1329 iniquus?

56 1336 116 1389 Nou
134 1354 184 1405 ego
201 1342 330 1392 ventosae
346 1337 434 1406 plebis
450 1336 580 1403 suffragia
597 1352 681 1389 venor

56 1410 189 1479 Impensis
206 1430 350 1468 coenarum
369 1412 499 1466 11111111
517 1428 629 1464 munere
647 1410 748 1476 vestis;

55 1485 81 1537 Ν
82 1502 117 1540 on
135 1504 186 1555 ego
202 1488 332 1541 nobilium
350 1488 512 1556 scriptorum
530 1486 639 1540 auditor
656 1490 685 1540 et
702 1487 775 1541 ultor

55 1559 250 1613 Grammaticus
267 1560 371 1614 ambire
388 1561 478 1615 trihus
496 1565 526 1615 et
543 1561 650 1629 pulpita
668 1562 779 1629 dignor:
881 1578 908 1617 so

56 1634 128 1688 Hinc
144 1635 207 1688 illae
224 1636 358 1690 lacrimae.
394 1636 517 1705 “Spissis
534 1636 646 1704 indigna
664 1636 780 1691 theatris

55 1710 163 1779 Scripta
178 1712 265 1780 pudet
282 1711 398 1765 recitare
415 1717 445 1766 et
461 1712 542 1779 nugis
560 1712 663 1765 addere
681 1710 811 1781 pondus‚”

55 1785 84 1839 Si
102 1786 172 1841 dixi:
191 1786 320 1851 “Rides”
337 1786 384 1854 ait,
402 1787 417 1814 “
425 1791 454 1841 11
471 1788 490 1840 J
493 1788 551 1840 ovis
569 1787 682 1841 auribus
699 1787 754 1841 ista

56 1861 166 1928 Servum
182 1861 245 1914 fidis
262 1862 334 1915 enim
351 1878 462 1916 manare
479 1862 586 1931 politica
602 1863 685 1917 mella

55 1937 93 1991 'le
111 1938 203 2003 solum,
221 1938 271 1992 tibi
288 1938 422 2005 pulcher.''
460 1937 509 1991 Ad
526 1938 594 1992 hacc
612 1955 662 2007 ego
680 1938 792 1993 naribus
810 1940 852 1993 uti
880 1957 908 1997 41

56 2012 191 2079 Formido,
209 2017 239 2067 11
255 2014 384 2067 luctantis
401 2016 481 2067 acuto
498 2030 534 2066 ne
553 2030 630 2068 secer
647 2014 738 2081 ungui,

55 2088 211 2157 “Displicet
228 2089 281 2142 iste
297 2089 394 2157 locus,''
413 2090 506 2157 clamo,
525 2089 570 2144 “et
588 2089 693 2142 diludia
709 2089 810 2157 posco?

55 2164 149 2217 Ludus
166 2164 237 2217 enim
253 2164 348 2230 genuit
366 2165 506 2231 trepidum
526 2168 667 2219 certamen
686 2168 715 2219 et
731 2165 808 2232 iram,

55 2239 102 2293 Ira
119 2243 210 2293 truces
226 2239 381 2293 inimicitias
398 2244 429 2293 et
445 2240 560 2294 funebre
577 2240 687 2294 bellum.

447 2381 511 2435 XX„

54 2465 240 2519 Vnanounon
257 2465 421 2533 Janumque‚
438 2465 517 2533 liber,
536 2469 660 2533 spectare
678 2463 788 2533 videris,

53 2540 163 2594 Scilicet
179 2543 211 2593 ut
227 2544 334 2607 prostes
352 2540 488 2595 Sosiorum
505 2540 613 2610 pumice
630 2540 758 2593 mundus.

53 2615 143 2669 Odisti
161 2614 249 2669 claves
266 2619 295 2669 11
312 2620 391 2686 gratu
408 2616 496 2683 sigilla
512 2614 628 2683 pudico;

53 2690 151 2745 Paucis
167 2690 274 2743 ostendi
293 2690 380 2757 gemis
397 2695 426 2744 et
443 2690 596 2744 communia
612 2690 716 2758 laudas,

52 2764 115 2817 Non
133 2766 172 2817 ita
189 2765 316 2819 nutritus
351 2766 427 2833 Fuge
444 2782 498 2833 quo
516 2765 683 2820 descendere
700 2765 791 2833 gestis.

52 2838 78 2890 N
80 2854 114 2890 ou
132 2839 186 2891 erit
203 2840 301 2892 emisso
318 2840 425 2893 reditus
442 2841 500 2895 tibi.
536 2840 635 2908 “Quid
651 2841 735 2895 miser
753 2841 816 2909 egil

52 2912 124 2973 Quid
141 2912 214 2963 volui
224 2913 248 2964 l''
272 2912 346 2966 dices
362 2914 409 2966 ubi
427 2917 488 2982 quis
505 2918 534 2968 11
551 2914 677 2983 11111111;
695 2920 724 2970 11
742 2917 795 2970 scis

52 2984 86 3037 111
103 2984 187 3036 breve
204 2989 233 3037 te
250 2987 310 3051 cogi
327 3004 388 3039 cum
404 2989 501 3056 plenus
518 2990 631 3057 languet
649 2996 762 3047 amator.

52 3058 155 3120 Quodsi
172 3072 225 3109 non
243 3059 306 3111 odio
322 3062 458 3127 peccantis
476 3063 578 3131 desipit
596 3082 689 3133 augur.
