2025 3409
102 56 149 103 llo
377 53 533 103 HORATII
549 52 679 103 FLACGI

102 132 213 200 Ungero
231 131 254 185 si
272 132 362 185 caules
380 132 439 185 olco
456 132 568 186 meliore
585 138 724 202 caputque
846 126 849 131 ’
920 145 954 191 ut

102 206 231 275 Ooeperis
248 207 359 274 impexa
375 207 486 261 foedum
503 208 659 276 porriginel
695 210 791 277 Quare,
854 264 856 269 ,

102 280 132 335 ei
149 282 257 350 quidvis
275 282 342 335 satis
359 286 409 349 est,
426 282 558 351 perjuras,
576 283 697 352 surripis,
716 285 805 337 aul'crs

102 356 252 425 Undique?
288 358 348 411 Tun
366 360 466 412 sanuel
501 359 636 428 Populum
654 359 677 413 si
696 360 811 413 caedere
828 360 901 415 saxis

104 432 221 501 Incipias
239 450 385 502 servosque
402 438 464 488 tuos
479 450 548 502 quos
565 450 629 487 aere
646 436 758 503 pararis,

104 508 234 562 Insanum
250 512 280 562 te
298 524 392 562 omnes
409 508 486 577 pueri
503 509 676 577 clamentque
691 510 811 578 puellae:
920 528 952 567 rao

104 584 173 638 Cum
189 584 287 653 laqueo
304 601 418 637 uxorem
435 584 570 637 interimis
587 593 757 653 matremque
775 603 879 640 veneno

104 659 236 714 Incolumi
244 660 332 727 capite
341 661 390 713 esi
409 658 482 723 Quid
490 660 572 728 enim,
579 676 669 729 neque
679 664 712 714 tu
724 662 774 714 hoc
787 662 852 715 facis
862 662 952 730 Argis,

102 735 129 789 N
130 752 162 790 ec
177 734 250 789 ferro
266 739 299 788 ut
316 734 428 788 demens
445 735 605 801 genitricem
624 735 723 789 occidis
743 735 862 791 Orestes

103 812 149 865 An
166 814 198 865 tu
214 811 285 865 reris
302 827 364 864 eum
382 810 469 863 occisa
487 810 621 864 insanisse
638 815 759 879 parente,

103 888 145 941 Ac
162 904 216 940 non
232 890 295 939 ante
312 885 391 938 malis
408 884 565 939 dementem
583 888 673 939 actum
693 886 783 939 Furiis
800 902 882 953 quam
919 902 952 942 us

103 963 137 1015 In
155 962 251 1015 matris
264 960 361 1028 jugulo
378 961 480 1013 ferrum
497 960 628 1029 tepefecit
645 965 773 1015 acutuml

103 1038 174 1101 Quin
192 1054 227 1091 ex
243 1053 297 1105 quo
315 1039 358 1089 est
375 1035 485 1088 habitus
504 1035 575 1089 male
593 1040 669 1090 tutae
687 1037 787 1089 mentis
805 1036 919 1091 Orestes

103 1113 149 1167 Nil
166 1130 232 1167 sane
249 1112 314 1166 fecit
331 1112 405 1179 quod
421 1116 454 1164 tu
470 1111 673 1179 reprehendere
690 1112 789 1180 possis:

103 1190 164 1242 Non
183 1188 302 1257 Pyladen
319 1187 394 1240 ferro
410 1186 511 1239 violare
529 1203 644 1240 aususve
662 1203 784 1241 sororem

102 1266 246 1330 Electram,
263 1267 371 1317 tanturn
389 1262 528 1315 maledicit
547 1262 657 1330 utrique
674 1261 795 1317 vocando
919 1282 951 1319 ιιι

103 1340 182 1394 Hanc
199 1339 317 1404 Furiam,
335 1338 407 1391 hunc
423 1336 498 1389 aliud
512 1337 597 1403 jussit
615 1337 689 1406 quod
706 1338 851 1407 splendida
869 1339 939 1393 bilis.

102 1414 211 1485 Pauper
227 1414 352 1482 Opimius
369 1412 476 1479 argenti
494 1413 576 1479 positi
594 1411 668 1466 intus
685 1417 714 1465 et
731 1414 797 1479 auri,

102 1491 155 1553 Qui
173 1490 356 1544 Veientanum
373 1488 450 1541 festis
467 1491 564 1555 potare
583 1486 680 1541 diebus

102 1566 243 1635 Campana·
256 1566 351 1617 solitus
369 1563 452 1617 trulla
469 1578 639 1631 vappamque
656 1562 790 1632 profestis,

101 1642 247 1705 Quondam
261 1640 383 1707 lethargo
399 1638 496 1705 grandi
514 1641 558 1692 est
575 1654 728 1706 oppressus,
745 1644 778 1692 ut
794 1640 875 1694 heres
916 1657 949 1697 ιιι

101 1717 166 1772 dam
183 1718 283 1771 circum
302 1714 403 1768 loculos
421 1718 451 1767 et
468 1714 557 1766 claves
575 1713 664 1767 laetus
682 1730 818 1783 ovansque

102 1794 240 1848 Ourreret.
274 1791 356 1845 Hunc
372 1788 495 1843 medicus
513 1788 629 1842 multum
648 1789 821 1858 celeratque
841 1790 931 1846 fidelis

102 1870 181 1923 Excit
170 1873 211 1923 tat
227 1869 278 1922 hoc
295 1871 388 1936 pacto:
405 1881 527 1918 mensam
545 1865 635 1932 poniJ
629 1864 705 1919 ‘ubet
693 1868 806 1934 tatque

101 1946 172 1999 Effur
165 1945 211 1997 nli
229 1960 319 1997 saccos
335 1957 514 2006 nummorum,
527 1939 656 1993 accedere
673 1940 766 2010 plures

102 2022 148 2075 Ad
161 2018 370 2082 numerandum
364 2015 570 2069 hominemne
582 2015 795 2083 enmtaddite
796 2017 902 2073 tillud:
917 2034 949 2075 rsa

101 2098 151 2149 ‘Ni
169 2103 218 2150 tua
234 2097 295 2147 cust
283 2093 355 2147 tedis
373 2090 493 2145 aridus
480 2106 541 2178 :ram
559 2090 627 2144 haec
645 2058 752 2145 adferet
768 2092 862 2146 heres?

100 2172 180 2225 ‘lien
198 2169 284 2224 vivol’
315 2167 371 2222 ‘Ut
388 2167 461 2220 vivas
478 2166 530 2233 igit
531 2182 564 2218 ιιι·
581 2166 674 2234 vigila:
694 2167 797 2219 hoc
762 2166 827 2233 age!
861 2168 949 2230 ‘Quid

168 2246 236 2300 visl'
803 2264 811 2283 ·

99 2323 248 2377 ‘Deficient
265 2320 374 2389 inopom
392 2334 477 2371 venae
495 2321 524 2369 te
542 2316 572 2369 ni
589 2316 666 2369 cibus
684 2319 767 2385 atque

102 2398 199 2466 ingens
216 2396 322 2451 aceedit
340 2394 476 2448 stomacho
494 2392 596 2445 fultura
613 2392 710 2444 ruenti.

98 2475 139 2528 'lu
150 2475 259 2528 cessasl
295 2470 429 2538 Agedum,
442 2485 518 2521 smne
530 2468 580 2520 hoc
591 2466 767 2535 ptisanarium
780 2471 892 2533 oryzae!
916 2486 949 2526 ras

101 2550 202 2614 ‘Quant
203 2550 333 2616 iemptae
342 2547 359 2600 ι’
377 2544 493 2597 ‘Parvo’
512 2543 628 2607 ‘Quanti
640 2558 705 2609 ergo
714 2542 730 2595 ι’
749 2540 817 2595 ‘Oct
806 2543 946 2600 t.ussibus¹

166 2625 275 2677 ‘Eheu¹

97 2697 169 2763 Quid
186 2698 272 2751 refert
260 2692 383 2749 mtorbo
400 2710 434 2745 an
451 2691 516 2744 furt
497 2696 532 2744 trs
549 2707 713 2759 pereamque
730 2691 857 2759 rapinisi'

96 2770 430 2839 Quisnamigitursanusl
466 2766 583 2829 Quinon
597 2766 665 2820 stult
653 2771 705 2820 tus
741 2766 946 2831 Quidavarnsl
997 2778 998 2838 l

96 2847 202 2900 Stultus
220 2854 248 2898 et
265 2846 382 2897 insanus
418 2839 538 2906 Quid·
518 2857 541 2893 sl
559 2841 620 2908 quis
638 2858 691 2894 non
710 2841 745 2895 sit
763 2858 870 2911 avaram,

96 2921 231 2973 Continuo
248 2918 349 2970 sanuel
385 2915 506 2968 Minime.
542 2914 616 2981 Gur,
624 2913 735 2969 Stoicel
771 2916 875 2974 Dicam.
908 2936 944 2976 ισο

96 2994 158 3046 Non
176 2998 218 3045 est
234 2991 373 3043 cardiacus
392 2989 546 3056 (Craterum
563 2988 666 3043 dixisse
684 2993 789 3057 putato)

96 3066 150 3119 Hic
167 3080 261 3125 aeger:
278 3066 354 3115 recto
372 3067 415 3115 est
432 3062 517 3127 igitur
534 3066 700 3131 surgatquel
734 3064 761 3117 N
764 3064 864 3133 agabri,

874 3368 878 3372 Α
988 3230 995 3373 l
