2025 3409
386 87 456 136 aas
472 86 633 137 ronmcn.
885 91 931 139 aaa
958 74 965 85 '

87 168 129 224 Ut
144 169 223 224 festia
238 156 364 223 matrona
380 167 482 221 moveri
495 168 574 236 jussa
591 168 696 238 diebus,

88 241 220 299 Intererit
238 242 340 311 Satyris
357 243 468 311 paulum
484 242 646 311 pudibunda
662 248 803 312 protervis
905 282 908 289 ,

89 319 151 374 Non
169 336 220 386 ego
237 318 362 371 inornata
379 321 408 371 et
426 317 594 371 dominantia
610 319 719 373 nomina
736 312 821 375 solum

89 394 243 461 Verbaque,
263 393 382 460 Pisones,
400 393 559 459 Satyrorum
577 393 693 461 scriptor
710 395 822 461 amabo;
898 416 932 459 aas

89 469 148 523 Nec
165 469 204 522 sic
221 468 310 521 enitar
326 468 432 535 tragico
451 467 560 521 differre
579 467 661 521 colori

89 543 131 597 Ut
146 542 214 596 nihil
232 543 341 597 intersit
358 542 486 596 Davusne
503 542 631 611 loquatur
648 546 678 597 et
695 544 786 599 audax

91 617 202 687 Pythias
218 621 344 671 emimcto
361 617 467 671 lucrata
484 617 592 671 Simone
609 617 751 685 talentum,

91 694 137 747 An
153 696 245 747 mistos
261 693 432 761 famulusque
449 691 495 746 dei
514 691 621 746 Silenus
639 694 747 749 alumni.

90 769 134 822 ux
150 771 216 821 noto
233 768 327 821 fiotum
343 784 453 823 carmen
471 784 577 837 sequar,
590 771 622 822 ut
640 768 691 822 sibi
709 771 797 839 quiris
902 786 937 825 aso

84 843 190 911 ‚Speret
207 843 287 911 idem,
306 843 390 897 sudet
406 844 522 897 multum
540 843 695 914 frustraque
713 845 818 902 laboret

92 918 185 971 Ausus
202 917 288 972 idem:
311 922 421 972 tantum
438 918 522 972 series
535 918 718 988 junctumque
736 921 826 989 pollet,

91 992 209 1045 Tantum
226 992 262 1045 de
279 993 370 1047 medio
389 994 503 1063 sumptis
522 994 626 1047 accedit
642 993 757 1050 honoris.

92 1067 173 1121 Silvis
190 1067 301 1121 deducti
318 1072 431 1122 careant
448 1085 493 1122 me
505 1068 601 1137 judice
618 1069 711 1137 Fauni,

92 1142 120 1196 N
121 1160 137 1195 a
155 1143 231 1196 velut
246 1143 334 1196 innati
351 1144 440 1197 triviis
457 1161 489 1197 ac
506 1160 592 1212 paene
609 1144 731 1199 forenses
902 1160 936 1200 24⁵

92 1220 153 1273 Aut
169 1218 282 1271 nimium
299 1219 402 1271 teneris
416 1219 584 1287 juvenantur
601 1220 724 1274 versibus
740 1238 866 1291 unquam,

93 1295 154 1347 Aut
170 1294 309 1347 immunda
325 1298 439 1363 crepent
455 1294 686 1363 ignominiosaque
704 1296 795 1362 dicta;

92 1368 277 1421 Offenduntur
294 1369 366 1423 enim
384 1369 483 1439 quibus
501 1374 544 1423 est
561 1386 647 1439 equus
665 1374 695 1425 et
711 1374 791 1440 pater
807 1374 837 1426 et
853 1388 904 1438 ros,

92 1444 121 1497 N
122 1459 160 1511 ec,
176 1444 201 1496 si
217 1444 286 1512 quid
302 1444 376 1498 fricti
393 1446 488 1499 ciceris
505 1444 604 1515 probat
621 1449 650 1500 et
667 1448 743 1501 nucis
760 1451 873 1515 emptor,

93 1518 200 1587 Aequis
216 1520 353 1588 accipiunt
370 1520 468 1573 animis
486 1522 621 1575 donantve
638 1538 742 1577 corona
901 1537 935 1578 rao

93 1593 202 1661 Syllaba
219 1593 301 1662 longa
316 1594 393 1649 brevi
411 1594 536 1663 subjecta
553 1600 665 1651 vocatur
680 1597 794 1667 iambus,

95 1669 149 1723 Pes
165 1670 251 1735 citus;
272 1671 346 1725 unde
363 1672 447 1725 etiam
463 1671 597 1727 trimetris
614 1689 766 1729 accrescere
779 1674 862 1741 jussit

0 1785 8 1803 ,
93 1745 202 1799 Nomen
220 1745 341 1814 iambeis,
360 1763 422 1801 cum
438 1763 518 1801 senos
535 1746 667 1802 redderet
681 1748 753 1802 ictus

95 1820 204 1874 Primus
221 1820 259 1873 ad
275 1825 428 1875 extremum
446 1821 541 1874 similis
559 1822 618 1876 sibi.
653 1823 680 1877 N
681 1839 716 1876 on
733 1823 773 1876 ita
789 1823 903 1892 pridem,

94 1894 210 1949 Tardior
226 1898 259 1949 ut
275 1896 357 1965 paulo
373 1897 536 1965 graviorque
552 1898 657 1951 veniret
674 1897 710 1950 ad
727 1913 814 1965 aures,
905 1911 938 1951 25⁵

94 1970 237 2039 Spondeos
255 1971 366 2025 stabiles
383 1971 491 2039 injure
507 1975 622 2041 paterna
638 1972 742 2041 recepit

95 2044 262 2100 commodus
278 2049 309 2100 et
325 2047 438 2115 patiens,
454 2063 510 2100 non
527 2050 560 2101 ut
576 2047 612 2101 de
629 2047 695 2101 sede
711 2046 829 2101 secunda

96 2121 217 2175 eederet
233 2125 283 2176 aut
300 2126 398 2190 quarta
415 2122 557 2176 socialiter.
593 2122 648 2176 Hic
664 2124 693 2175 et
709 2122 738 2175 in
755 2122 821 2176 Acci

95 2195 243 2250 Nobilibus
259 2197 392 2250 trimetris
409 2200 523 2265 apparet
540 2212 625 2263 rarus,
643 2200 673 2251 et
691 2197 761 2251 Enni

97 2271 134 2325 In
151 2287 258 2325 scenam
275 2272 372 2325 missos
389 2289 451 2326 cum
468 2288 567 2340 magno
583 2272 704 2341 pondere
722 2289 815 2327 versus
909 2296 942 2335 260

0 2351 3 2377 ³
97 2348 159 2401 Aut
176 2362 274 2415 operae
290 2347 387 2401 celeris
404 2347 518 2400 nimium
535 2363 653 2415 curaque
671 2347 787 2401 carentis

97 2423 159 2479 Aut
176 2421 316 2490 ignoratae
332 2422 434 2491 premit
451 2423 519 2476 artis
535 2423 648 2476 erimine
666 2423 748 2490 turpi.

97 2498 162 2554 Non
180 2498 268 2567 quivis
284 2498 362 2552 ridet
378 2497 556 2551 immodulata
573 2500 699 2565 poemata
712 2497 807 2567 judex,

98 2574 137 2627 Et
154 2573 220 2627 data
238 2573 368 2627 Romanis
385 2573 464 2637 venia
481 2577 526 2626 est
542 2572 654 2640 indigna
670 2573 765 2641 poetis.

99 2648 242 2706 Idcircone
259 2665 343 2716 vager
360 2647 532 2717 scribamque
550 2647 678 2702 licentcrl
702 2664 737 2701 an
754 2664 847 2705 omnus
913 2665 946 2705 aas

98 2724 217 2778 Visuros
232 2728 344 2792 peecata
360 2728 455 2792 putem
472 2739 541 2789 mea,
558 2726 635 2776 tutus
653 2725 682 2776 et
698 2724 771 2777 intra

98 2800 184 2868 Spem
201 2800 297 2853 veniae
314 2801 426 2854 cautus?
460 2799 555 2853 Vitari
573 2798 690 2866 donique
710 2798 823 2867 eulpam,

98 2876 127 2929 N
128 2891 164 2929 on
181 2873 292 2929 laudem
309 2874 404 2929 merui
439 2873 496 2927 Vos
515 2873 681 2942 exemplaria
698 2874 802 2927 Graeca

99 2950 243 3005 Nocturna
259 2953 367 3004 versate
383 2965 473 3013 manu,
490 2952 597 3003 versate
615 2948 719 3002 diurna

100 3029 144 3082 At
160 3025 246 3080 rastri
262 3026 358 3094 proavi
375 3025 516 3078 Plautinos
534 3026 564 3078 et
580 3039 707 3077 numeros
724 3027 753 3078 et
912 3040 947 3081 rro

102 3100 264 3156 Inundavere
282 3100 366 3154 sales:
389 3098 504 3153 nimium
521 3097 660 3167 patienter
676 3101 824 3167 utrumque
