2025 3409
299 411 362 479 DE
390 412 517 477 ARTE
547 406 748 477 POETIGA

452 599 589 657 LIBER.

99 813 229 869 Hensue
246 814 331 885 capiti
348 815 482 869 cervicem
499 814 589 885 pictor
606 814 733 885 equinam

98 889 223 957 Jungere
241 890 265 944 si
282 890 356 959 velit,
373 893 403 945 et
419 890 509 945 varias
525 890 656 945 inducere
672 891 779 960 plumas

98 965 230 1034 Undique
247 966 353 1020 cellatis
370 966 509 1036 membris,
526 970 558 1021 ut
575 967 694 1035 turpiter
710 968 801 1019 atrum

99 1039 216 1094 Desinat
232 1041 262 1094 in
279 1043 381 1109 piscem
397 1042 497 1094 mulier
513 1041 632 1096 formosa
649 1057 774 1111 superne,

100 1115 261 1184 Spectatum
278 1117 389 1171 admissi
407 1117 492 1170 risum
509 1118 635 1186 teneatis,
653 1116 751 1171 amici‘l
935 1124 948 1167 ε

100 1191 220 1261 Credite,
239 1191 358 1259 Pisones,
376 1193 423 1246 isti
441 1193 551 1247 tabulae
568 1193 627 1247 iere
644 1193 743 1246 librum
931 1189 933 1193 ’

101 1267 271 1322 Persimilem
289 1269 374 1336 cujus,
393 1269 470 1323 velut
486 1268 562 1337 aegri
579 1270 689 1336 somnia,
707 1283 792 1321 vanae

101 1343 253 1411 Fingentur
270 1345 381 1413 species,
399 1348 431 1399 ut
448 1361 565 1413 neespes
582 1360 632 1398 nec
649 1347 730 1412 caput
746 1342 793 1396 uni

101 1419 247 1473 Reddatur
263 1421 373 1474 formae.
406 1419 583 1474 “Pictonibus
600 1423 684 1488 atque
701 1418 790 1487 pectis
887 1484 889 1491 Ι

102 1494 244 1558 Quidlibet
261 1495 382 1550 audendi
400 1512 508 1564 semper
525 1495 578 1549 fuit
595 1511 683 1563 acqua
699 1492 844 1563 potestas?
925 1509 947 1547 re
998 1514 1009 1535 ·

102 1568 209 1623 Scimus
220 1574 249 1624 et
260 1571 329 1625 hanc
341 1572 448 1624 veniam
460 1572 633 1640 petimusque
645 1571 795 1638 damusque
807 1566 938 1632 vicissim;

102 1645 160 1700 Sed
176 1662 230 1699 nen
247 1650 279 1700 ut
295 1646 410 1715 placidis
427 1650 525 1701 cebant
542 1647 666 1713 immitia,
684 1662 737 1700 nen
754 1649 787 1700 ut

102 1721 251 1789 Serpentes
267 1721 362 1775 avibus
379 1722 561 1790 geminentur,
580 1721 699 1790 tigribus
716 1722 786 1789 agui.

104 1796 226 1864 Inceptis
242 1796 371 1863 gravibus
388 1797 550 1865 plerumque
568 1801 597 1851 et
614 1813 712 1865 magna
728 1796 855 1863 professis

104 1872 269 1941 Purpureus,
287 1872 343 1926 late
361 1872 409 1941 qni
427 1873 577 1941 splendeat,
595 1889 666 1925 unus
683 1874 712 1925 ct
729 1872 798 1925 alter
928 1885 948 1924 rs

104 1946 243 2001 Adsuitur
259 1964 372 2016 pannus,
390 1964 452 2002 eum
467 1948 544 2001 lucus
562 1951 591 2001 et
608 1963 656 2001 ara
673 1945 777 2000 Dianae

103 2023 143 2077 Et
159 2024 331 2091 properantis
349 2040 437 2092 amnas
454 2040 504 2092 per
522 2039 648 2077 amoenos
666 2021 785 2076 ambitus
803 2037 889 2089 agros,

104 2100 166 2152 Aut
182 2098 283 2153 flumen
302 2100 428 2153 Rhenum
446 2103 496 2153 aut
513 2100 620 2168 pluvius
639 2098 804 2152 describitur
820 2112 913 2163 arcus3

104 2174 162 2229 Sed
179 2191 251 2228 nunc
267 2192 321 2229 nen
340 2179 400 2229 erat
417 2174 460 2228 his
478 2175 560 2229 locus.
594 2176 631 2229 Et
647 2175 762 2228 fortasse
779 2188 937 2242 cupressum

104 2250 164 2305 Scis
181 2250 322 2306 simulare:
347 2251 489 2320 quidhoc,
507 2252 532 2303 si
548 2250 644 2304 fractis
662 2253 755 2303 enatat
772 2264 869 2317 exspes
925 2264 949 2301 se

104 2326 131 2379 N
133 2324 228 2379 avibus
245 2342 308 2379 aare
327 2327 392 2381 dete
410 2326 457 2394 qui
474 2326 615 2395 pingitur?
652 2325 792 2393 Amphora
808 2324 895 2391 coepit

104 2400 234 2469 Institui;
255 2406 382 2456 currente
399 2405 461 2455 reta
478 2417 527 2455 cur·
543 2417 646 2462 urceus
658 2401 733 2454 exiti

105 2478 232 2547 Denique
249 2478 285 2531 sit
302 2476 410 2547 quidvis
427 2477 544 2545 simplex
562 2476 705 2530 dumtaxat
722 2479 752 2530 ct
768 2491 859 2529 unum.

6 2582 15 2617 .·
104 2553 227 2607 Maxima
243 2569 307 2622 pars
324 2556 425 2620 vatium,
445 2557 526 2621 pater
545 2555 574 2605 et
588 2552 705 2620 juvenes
723 2554 803 2620 patre
820 2551 904 2619 digni,

105 2629 265 2698 Decipimur
282 2629 372 2698 speeie
388 2628 470 2683 recti:
493 2627 586 2681 brevis
604 2643 664 2682 esse
681 2627 781 2695 labero,
929 2640 952 2680 ss

105 2703 245 2758 Obscurus
263 2705 313 2769 fi03
337 2707 489 2758 sectantem
506 2703 577 2757 levia
594 2704 671 2757 nervi

105 2780 245 2834 Deficiunt
262 2779 415 2848 animique;
438 2778 577 2848 professus
594 2779 710 2847 grandia
727 2781 834 2846 turget3

6 2851 11 2863 '
105 2856 200 2925 Serpit
218 2855 293 2908 humi
310 2859 388 2908 tutus
406 2854 520 2907 nimium
537 2854 705 2921 timidusque
722 2853 858 2924 procellae
864 2872 872 2918 ;

106 2932 160 2996 Qui
177 2930 283 2984 variare
299 2930 375 2998 cupit
392 2947 451 2984 rem
468 2930 658 2999 prodigialiter
675 2946 764 2996 unam,

106 3005 273 3074 Delphinum
291 3006 365 3058 silvis
382 3006 514 3075 appingit,
532 3005 659 3059 fluctibus
676 3020 780 3072 aprum.
929 3029 952 3067 30

106 3082 143 3137 ln
160 3080 258 3135 vitium
276 3080 353 3135 ducit
369 3080 467 3150 culpae
482 3080 548 3149 fuga
566 3081 588 3134 si
606 3082 681 3134 caret
698 3082 765 3133 arte.
