2025 3409
325 36 582 89 EPISTOLARUM
599 36 622 89 1.
643 37 681 91 11.
881 40 927 92 179

454 171 551 226 XVII.

12 327 13 332 ,
75 269 214 336 Quereris,
232 270 342 337 Seuere,
360 268 428 323 sctis
443 272 541 338 perte
558 266 610 322 tibi
627 266 754 336 consulis,
772 270 803 323 et
821 267 874 323 seis

12 351 15 361 “
75 346 135 409 Quo
152 346 264 399 tandem
281 348 362 414 pecto
380 344 478 399 deceat
493 343 645 412 majoribus
663 343 714 415 uti²

75 420 165 488 Disce,
181 420 321 475 docendus
338 420 435 488 adhuc,
453 436 525 489 quse
542 423 636 473 censet
653 418 791 487 amiculus,
808 433 841 476 11
858 420 881 474 si

11 519 12 552 1
75 495 180 549 Caecus
197 496 252 549 iter
269 499 422 550 monstrare
440 495 521 560 velit;
540 499 633 549 tumen
653 494 764 563 adspice
782 495 805 549 si
824 496 890 564 quid

75 569 179 624 lituos
198 569 273 639 qued
289 586 368 624 cures
385 572 526 640 proprium
543 570 640 625 fecisse
658 569 808 639 loquamur.
916 588 923 607 ¹

10 703 11 708 ἵ
75 644 105 697 si
121 648 152 699 te
168 649 249 714 grute
266 645 344 715 quies
361 649 391 699 et
408 647 524 715 primum
542 661 652 701 somnus
671 643 699 699 iu
718 645 812 699 horum

75 720 210 788 Delectat,
229 722 252 776 si
269 728 300 776 11
317 722 408 791 pulvis
425 722 612 792 strepitusque
629 724 759 790 rotarum,

75 795 105 849 Si
121 796 208 851 laedit
225 812 354 865 conpone,
373 797 553 853 Ferentinum
570 798 612 852 ire
626 797 745 866 jubebo;
784 860 790 871 1

75 871 147 926 Nem
165 888 256 941 neque
274 872 407 927 divitibus
423 875 587 942 contingunt
604 873 705 943 gaudia
722 872 793 942 solis,

9 991 10 1022 3
75 947 135 1001 Nec
151 948 221 1002 11111
240 948 310 1003 mule
327 949 376 1017 qui
393 952 475 1003 natus
492 950 665 1018 moriensque
682 948 786 1003 fefellit.
903 962 925 1003 ro

9 1029 10 1034 ’
75 1022 104 1076 Si
120 1023 253 1092 prodesse
270 1024 326 1078 tuis
343 1025 479 1094 penloque
497 1024 642 1093 benignius
660 1025 749 1093 ipsum

8 1145 10 1170 f
75 1098 113 1151 Te
131 1102 251 1153 tractore
267 1100 351 1167 voles,
370 1100 484 1154 accedes
502 1100 589 1155 siccus
607 1100 644 1155 ed
660 1103 779 1153 unctum

75 1173 126 1227 “Si
144 1174 294 1243 pranderet
311 1175 370 1229 olus
388 1176 527 1245 patienter
545 1175 655 1244 regibus
674 1175 716 1229 uti

75 1248 169 1303 Nollct
187 1249 369 1319 Aristippus’'
405 1250 458 1305 “si
476 1252 559 1307 sciret
576 1251 686 1319 regibus
703 1249 745 1305 uti

76 1323 226 1379 Fastidiret
242 1326 302 1379 olus
319 1327 367 1395 qui
384 1342 429 1381 me
445 1327 546 1382 notet.”
584 1326 681 1381 Utrius
700 1326 798 1379 horum
901 1338 923 1379 lt

7 1461 8 1464 Ἴ
77 1398 169 1454 Verbo
185 1400 285 1471 probes
302 1407 332 1456 et
349 1402 422 1456 fecte
439 1402 515 1468 doce,
533 1402 577 1457 111
590 1401 685 1470 junior
702 1401 765 1455 audi

74 1475 131 1529 Cur
148 1476 186 1531 sit
203 1476 340 1546 Aristippi
357 1478 450 1547 potior
465 1479 615 1543 sententin3
632 1494 750 1546 nemque

73 1550 234 1607 Mordseem
252 1553 382 1621 Cynicum
398 1554 437 1607 sic
454 1554 591 1622 eludebat,
608 1556 641 1607 ut
657 1554 748 1607 aiunt:

72 1626 212 1682 “Scurror
230 1644 282 1696 ego
299 1629 359 1697 ipse
376 1628 450 1695 mibi,
468 1628 569 1698 populo
586 1634 633 1695 tn;
650 1629 751 1683 rectius
768 1628 820 1682 hoc
837 1631 868 1685 et

72 1702 250 1771 splendidius
262 1704 349 1758 multo
360 1707 410 1758 est
434 1704 529 1772 Equus
540 1709 573 1758 ut
584 1722 629 1759 me
637 1707 738 1773 portet,
751 1704 807 1757 1111
819 1721 876 1768 rex,
899 1722 922 1761 es

72 1777 198 1831 Officium
215 1777 296 1832 focio:
315 1782 348 1833 tu
363 1779 453 1848 poscis
470 1779 535 1834 vilia
552 1796 652 1846 rerum,

71 1854 165 1909 Dente
182 1854 272 1910 minor
290 1856 414 1924 quemvis
432 1855 489 1909 fers
504 1858 536 1909 te
553 1855 654 1909 nullius
671 1852 822 1922 egentem?

71 1929 169 1984 Omnis
187 1932 360 2000 Aristippum
378 1930 471 1984 decuit
488 1930 563 1985 color
581 1935 610 1985 et
630 1933 717 1984 status
736 1934 835 1997 11111,

71 2006 236 2060 Teutentem
252 2006 364 2075 majora,
382 2006 440 2060 fere
458 2006 648 2075 praesentibus
666 2021 790 2073 acquum

71 2080 176 2136 Contm
194 2098 275 2151 qucm
293 2082 394 2151 duplici
411 2098 502 2151 penne
519 2082 653 2151 patientie
670 2080 743 2134 velet
897 2096 921 2135 m

71 2154 195 2211 11111111
211 2158 284 2211 vitae
302 2158 347 2211 111
363 2157 386 2211 si
404 2174 535 2215 converse
552 2156 670 2211 decebit.

71 2232 155 2287 Alter
170 2249 338 2302 purpureum
356 2249 408 2286 non
427 2232 599 2302 exspectabit
615 2232 754 2297 amictum,

70 2308 214 2372 Quidlibet
230 2309 344 2362 indutus
361 2308 540 2362 celeberrime
557 2324 607 2376 per
624 2308 683 2362 locs
700 2306 789 2375 vadet,

5 2359 10 2444 1
71 2383 274 2452 Personamque
291 2383 363 2438 feret
379 2399 433 2437 non
451 2384 628 2437 inconcinnus
644 2386 790 2451 utramque
799 2401 807 2445 ς

6 2454 7 2494 l
70 2459 155 2512 Alter
171 2459 262 2512 Mileti
279 2463 385 2513 textam
402 2476 468 2514 cene
484 2458 565 2528 pejus
583 2462 612 2513 et
629 2458 711 2526 angui
897 2474 920 2512 eo

69 2534 180 2588 Vitabit
196 2534 373 2603 chlamydem,
392 2536 526 2589 morietur
543 2534 646 2602 frigore
663 2534 687 2587 si
704 2549 758 2586 non

6 2651 7 2668 2
70 2609 224 2664 Rettuleris
240 2626 367 2678 pennum.
403 2609 489 2663 Refer
506 2613 536 2664 et
553 2610 611 2663 sine
628 2610 702 2664 11111
719 2609 838 2678 ineptus.

70 2685 127 2739 Res
144 2701 242 2754 gerere
260 2688 291 2740 et
307 2690 400 2755 coptos
418 2686 564 2740 ostendere
581 2685 684 2740 civibus
701 2685 794 2739 hostes

70 2761 195 2830 Attingit
212 2760 309 2814 solium
327 2761 452 2816 Jovisot
469 2761 601 2815 caelestia
618 2764 720 2815 tentat:

6 2899 7 2902 Ἴ
70 2835 245 2905 Principibus
262 2837 396 2906 placuisse
413 2836 479 2891 viris
496 2852 551 2889 non
568 2835 666 2889 ultima
682 2835 741 2889 luus
758 2838 808 2891 est.
897 2836 920 2875 31

70 2910 133 2969 Non
152 2911 238 2965 cuivis
254 2911 356 2966 homini
374 2911 508 2979 contingit
526 2910 603 2965 edire
622 2909 791 2965 Corinthum.

70 2987 151 3043 Sedit
168 2987 216 3055 qui
233 2987 327 3041 timuit
343 3002 379 3040 ne
396 3003 451 3042 non
469 2985 635 3040 succederet.
670 2985 750 3039 llsto!

70 3062 147 3128 Quid
163 3063 212 3132 qul
228 3062 361 3131 pervenit,
376 3062 477 3115 fecitne
494 3060 626 3114 viriliterl
662 3060 749 3129 Atqui

110 3138 142 3183 lt
