2025 3409
375 56 528 107 HORA'I'II
545 58 677 109 Poscor

240 137 368 205 Virgines
385 140 494 205 nuptae,
512 142 561 193 tua
577 156 612 194 ne
629 140 754 197 retardet

274 214 352 267 Aura
368 213 488 269 maritos.

239 438 301 493 Non
319 440 426 507 semper
443 439 545 493 imbres
561 441 679 496 nubibus
696 442 817 511 hispidos

239 514 353 568 Manant
370 516 398 568 in
416 531 495 583 agros
512 519 561 569 aut
578 532 653 571 mare
671 517 798 585 Caspium

273 590 383 645 Vexant
400 590 556 659 inaequales
573 592 706 659 procellae

307 666 409 734 Usque,
426 682 477 720 nec
495 666 633 721 Armeniis
649 668 678 721 in
694 668 756 739 oris,

240 742 336 795 Amice
354 741 443 810 Valgi,
461 745 518 795 stat
535 742 635 810 glacies
651 743 725 797 iners

238 816 348 871 Menses
364 834 415 886 per
431 834 525 872 omnes
541 822 590 872 aut
608 818 790 888 Aquilonibus

273 892 408 957 Querceta
426 893 545 961 Gargani
562 893 687 948 laborant

308 968 345 1022 Et
362 968 432 1022 foliis
449 969 597 1023 viduantur
614 970 688 1024 orni:

238 1042 280 1097 'l‘u
297 1060 404 1113 semper
421 1061 503 1111 urges
520 1044 656 1099 flebilibus
672 1044 759 1099 modis

239 1118 347 1188 Mysten
365 1120 531 1189 ademptum,
548 1137 599 1175 noc
615 1121 667 1175 tibi
687 1122 809 1191 Vespero

272 1195 408 1264 Surgente
425 1195 562 1250 decedunt
579 1212 684 1251 amores

306 1271 332 1325 N
334 1288 366 1326 cc
382 1271 507 1340 rapidum
525 1270 646 1340 fugiente
664 1272 760 1327 Solem

239 1346 280 1400 At
296 1364 350 1401 non
366 1351 412 1402 ter
428 1364 495 1401 aevo
512 1347 621 1401 functus
637 1348 780 1403 amabilem

239 1420 359 1477 Ploravit
376 1420 662 1490 omnesjAntilochum
680 1438 764 1479 senex

273 1497 375 1563 Annos,
391 1512 442 1550 nec
458 1496 596 1564 impubem
613 1502 741 1566 parentes
929 1516 956 1557 rs
1005 1511 1006 1572 ᾗ

305 1568 415 1623 'l'ro‘ilon
432 1574 480 1624 aut
498 1570 632 1639 Phrygiae
649 1589 754 1627 sorores
1005 1585 1006 1596 *

238 1643 352 1699 Flevere
369 1660 483 1714 semper.
518 1646 619 1701 Desine
635 1648 756 1701 mollium

238 1719 358 1773 'landem
376 1720 557 1793 querelarum,
575 1726 604 1776 et
620 1723 710 1791 potius
727 1740 797 1778 nova

272 1794 419 1849 Cantemus
437 1796 557 1864 Augusti
574 1804 687 1866 tropaea

306 1871 428 1925 Caesaris
446 1876 475 1926 et
491 1871 612 1940 rigidum
629 1872 776 1943 Niphaten,
924 1892 952 1932 ao
1006 1865 1007 1878 ¹

237 1946 404 2017 Medumque
421 1947 521 2001 flumen
538 1948 666 2015 gentibus
682 1948 806 2003 additum

237 2021 325 2076 Victis
342 2024 459 2076 minores
476 2022 584 2076 volvere
601 2024 723 2091 vertices,

271 2097 403 2165 Intraque
420 2098 616 2165 praescriptum
634 2099 752 2154 Gelonos

305 2170 417 2238 Exiguis
434 2171 558 2239 equitare
574 2173 682 2241 oeenpia

504 2312 539 2369 K

236 2396 356 2451 Raecius
372 2396 453 2464 vives,
472 2395 566 2465 Licini,
582 2413 672 2465 neque
689 2396 774 2451 altum
796 2394 816 2456 l.
827 2420 843 2463 p
864 2409 868 2417 ·
904 2416 912 2431 ·
955 2377 982 2403 '⁴'

236 2471 349 2541 Semper
365 2472 488 2541 urgendo
505 2488 602 2540 neque,
620 2473 687 2525 dnm
703 2472 833 2541 procellas

236 2547 340 2602 Cautus
356 2548 626 2616 horrescis-nimium
643 2548 792 2617 premendo

268 2622 347 2677 Litus
364 2622 511 2691 iniquum..

235 2700 356 2752 Auream
374 2692 728 2767 quisquis'msdiocritatem
930 2718 944 2760 s

234 2772 332 2841 Diligit
348 2776 427 2827 tutus
443 2777 519 2827 caret
536 2773 651 2827 obsoleti

234 2847 365 2902 Sordibns
383 2848 456 2916 tecti,
473 2852 550 2902 caret
565 2849 712 2903 invidenda

269 2921 382 2975 Sobrius
399 2923 467 2993 atila.

235 2996 349 3064 Saepius
366 2998 455 3049 ventis
472 2997 593 3064 agitatur
609 2999 705 3067 ingens

236 3070 320 3123 Pinus
338 3073 367 3122 et
385 3070 472 3123 celsae
489 3072 613 3138 graviore
629 3089 694 3128 casu
920 3095 942 3137 m
