2025 3409
349 71 551 121 OARMINUM
566 72 620 121 111.
638 73 663 123 2.

254 149 388 215 Culpante
405 165 476 202 nunc
492 150 627 204 torrentia
644 165 724 218 egres

288 225 385 279 Sidera
402 240 474 278 nunc
490 225 596 279 hiemes
611 226 727 294 iniquas,

220 300 366 353 Contracta
382 300 470 367 pisces
486 316 606 368 aequora
622 301 754 354 sentiunt'

220 375 308 429 laetis
325 375 353 428 in
371 375 456 429 altum
474 374 603 440 melibus3
620 376 674 430 hue
690 376 817 444 frequens

254 450 402 504 anmenta
418 450 541 504 demittit
557 452 716 519 redemptor
907 468 932 505 au

288 518 357 579 de
373 525 481 579 fumidis
498 525 679 594 dominusque
694 529 786 580 terrae

221 599 399 654 Fastidiosus.
433 600 488 653 Sed
506 600 598 653 Timor
615 605 645 655 et
663 601 756 655 Minae

220 674 360 729 Seandunt
377 674 474 729 eodem
491 691 546 743 quo
563 674 695 742 dominus,
711 692 801 745 neque

254 749 372 804 Decedit
388 753 482 803 aerata
499 750 613 818 triremi,
631 754 661 804 et

288 826 355 878 Post
372 826 492 893 equitem
511 825 590 879 sedet
607 830 668 879 atra
686 826 765 880 Oura
904 842 927 880 so

220 898 323 963 Quodsi
341 900 479 953 dolentem
496 916 548 953 nee
566 900 699 969 Phrygius
716 901 784 969 lapis

110 1048 112 1051 v
220 975 245 1027 N
247 992 278 1028 ee
294 991 475 1043 purpurarum
494 975 585 1029 sidere
602 976 700 1029 clarior

254 1050 364 1103 Delenit
381 1066 446 1103 usus
463 1066 514 1103 nec
532 1050 648 1104 Falerna

288 1125 362 1178 Vitis
381 1125 648 1194 Achaemeniumque
665 1130 768 1181 costum

220 1200 277 1255 Gur
293 1200 447 1254 invidendis
464 1201 589 1269 postibus
606 1204 635 1255 et
651 1218 721 1255 novo
906 1225 927 1266 u

220 1274 342 1330 Sublime
359 1275 415 1328 ritu
431 1276 528 1328 moliar
544 1276 661 1330 atriuml

254 1350 310 1405 (lur
327 1349 396 1403 valle
413 1354 568 1417 permutem
586 1350 688 1406 Sabina

287 1425 403 1479 Divitias
421 1425 607 1493 operosioresl

486 1567 527 1622 ΙΙ.

220 1650 376 1703 Aucusmrr
393 1649 478 1703 amice
496 1650 653 1717 pauperiem
670 1654 729 1719 pati

218 1724 358 1778 Robustus
375 1725 431 1778 acri
448 1725 546 1777 militia
561 1741 631 1793 puer

252 1799 407 1867 Goudiscat,
424 1802 454 1853 et
472 1799 589 1853 Parthos
605 1800 709 1854 feroces

286 1873 379 1927 Vexet
396 1890 479 1942 eques
497 1875 661 1928 metuendus
678 1876 764 1942 hasta,

194 2006 196 2009 ,
217 1949 366 2017 Vitamque
383 1948 434 2002 sub
451 1949 514 2003 dive
531 1953 561 2003 et
578 1950 694 2017 trepidis
711 1954 775 2017 agat
912 1966 926 2008 t

217 2023 251 2078 In
269 2023 358 2077 rebus.
394 2024 476 2077 Illum
494 2040 529 2078 ex
545 2025 687 2079 moenibus
703 2026 815 2080 hosticis

251 2099 378 2152 Matrona
393 2099 521 2153 bellantis
537 2101 645 2168 tyranni

286 2175 456 2243 Prospiciens
474 2178 503 2229 et
520 2176 615 2229 adulta
631 2176 707 2243 virgo

217 2248 349 2317 suspiret,
367 2250 444 2318 eheu,
461 2267 496 2303 ne
513 2251 591 2303 rudis
608 2252 746 2318 agminum

216 2324 336 2392 Sponsus
353 2325 467 2379 lacessat
483 2326 576 2393 regius
592 2342 719 2393 asperum
901 2342 924 2383 ιο

250 2399 336 2453 laetu
352 2400 467 2467 leonem,
485 2416 567 2469 quem
585 2404 698 2454 cruento
851 2398 854 2403 ’

284 2474 339 2527 Per
356 2475 460 2529 medias
477 2475 550 2544 rapit
566 2476 608 2528 ira
624 2476 729 2532 caedes,

216 2548 302 2603 Dulce
320 2554 349 2603 et
367 2549 495 2603 decorum
513 2552 558 2603 est
574 2566 624 2618 pro
641 2551 731 2619 patria
748 2553 830 2609 mori:
848 2600 857 2638 q

215 2624 291 2678 Mors
308 2628 337 2677 et
354 2624 478 2691 fugacem
495 2626 671 2694 persequitur
687 2627 784 2693 virum,
858 2649 862 2658 ·

248 2698 274 2751 N
278 2715 308 2751 ee
325 2701 412 2766 parcit
429 2699 548 2754 imbellis
560 2699 693 2765 juventae
901 2714 924 2757 1⁵

284 2772 435 2841 Poplitibus
453 2775 606 2844 timidoque
622 2780 708 2843 terge.

215 2847 312 2901 Virtus
329 2848 453 2916 repulsae
471 2850 562 2903 nescia
579 2852 704 2905 sordidae

214 2922 388 2977 intaminatis
405 2923 492 2991 fulget
510 2924 662 2990 honoribus,

250 2996 307 3051 Nec
325 2998 408 3049 sumit
426 3004 475 3050 aut
491 2998 568 3064 ponit
585 3014 693 3049 secures

281 3069 407 3125 Arbitrio
424 3070 561 3137 popularis
578 3084 667 3119 aurae.
895 3082 920 3123 se
