2025 3409
334 56 587 107 EPISTOLARUM
604 58 642 107 11.
663 58 685 109 lt
893 57 937 112 187

90 135 137 192 Nil
152 138 229 191 intra
246 139 291 190 est
308 136 404 203 oleam,
421 137 459 189 nil
478 140 558 190 extra
575 142 619 191 cst
636 137 664 190 in
682 154 751 192 nuce
768 124 845 203 durh

89 212 224 267 Venimus
240 212 276 265 ad
294 226 431 265 summum
447 212 591 278 fortunam
611 213 748 282 pingimus
765 219 848 284 atque

14 332 24 355 ¹.
90 287 236 342 Psellimus
253 291 283 342 et
300 289 437 343 luctamur
453 288 567 342 Achivis
585 289 692 343 doctius
709 290 804 344 unctis

13 366 15 382 '
90 363 120 417 Si
137 362 252 417 meliora
269 363 329 417 dies
346 367 378 417 ut
395 363 458 417 rina
475 368 602 432 poemata
619 364 721 433 reddit,

90 437 166 493 Scire
184 437 266 491 velim
284 438 387 492 chartis
402 438 523 507 pretium
541 443 641 508 quotus
658 444 767 508 arroget
784 458 877 495 annus.
917 460 940 501 rr

91 513 215 581 Scriptor
231 513 331 567 abhinc
347 530 431 567 annos
448 517 559 568 centum
577 516 624 584 qui
642 514 746 569 decidit
762 517 835 571 inter

91 588 233 642 Perfectus
250 592 413 659 veteresque
430 590 529 643 referri
546 590 639 659 debet,
656 592 780 645 animer

91 664 169 717 Viles
186 668 271 734 atque
288 667 390 719 norosl
425 664 562 719 Excludat
576 665 670 734 jurgia
686 666 756 721 finis.

91 740 143 793 Est
159 745 241 794 retus
259 742 343 809 alque
359 739 461 809 probus
478 746 588 795 centum
606 742 653 811 qui
671 742 779 810 perlicit
796 760 887 799 annos.

90 815 172 883 Quid,
191 816 239 885 qui
257 815 376 883 deperiit
392 816 480 870 minor
496 834 551 870 uno
567 832 662 872 mense
679 818 722 871 vel
740 834 818 887 anno,
916 835 939 873 re

10 898 15 926 ³
91 891 170 945 Inter
187 907 258 960 quos
275 890 436 945 referendus
454 893 529 947 eritl
550 895 693 946 veteresne
710 898 811 962 poetas,

92 969 138 1020 An
157 982 226 1035 ques
243 970 273 1020 et
289 982 419 1037 praesens
436 971 466 1021 et
482 970 593 1036 postera
610 974 722 1037 respuat
740 970 835 1024 ectasi

92 1042 152 1095 Iste
170 1040 284 1110 quidem
302 1047 410 1096 veteres
427 1042 501 1096 inter
518 1047 636 1112 ponetur
653 1043 767 1099 honeste

8 1176 10 1181 ,
92 1117 144 1183 Qui
160 1117 205 1171 rel
223 1133 317 1171 mense
334 1118 412 1172 brevi
430 1120 473 1173 vel
490 1122 551 1173 toto
569 1122 612 1173 est
625 1119 720 1188 junior
737 1137 811 1176 anno.

90 1193 163 1247 Uter
179 1194 313 1263 permisso
330 1195 488 1264 caudaeque
506 1195 576 1262 pilos
593 1197 626 1248 ut
643 1196 757 1263 equinae
915 1211 938 1251 rs

91 1269 228 1322 Paulatim
245 1269 316 1322 vello
330 1274 360 1323 et
373 1269 454 1323 deme
471 1270 656 1338 unum‚de1ne
673 1271 786 1325 etitem
803 1288 895 1339 unum,

90 1344 165 1397 Dum
183 1344 263 1398 cadat
282 1345 372 1397 elusus
389 1346 496 1399 ratione
514 1346 618 1399 ruentis
635 1346 724 1399 acervi

91 1420 144 1484 Qui
161 1420 237 1474 redit
254 1421 283 1474 in
300 1421 386 1474 fastos
403 1425 433 1475 et
449 1421 582 1475 virtutem
601 1421 728 1475 aestimat
745 1422 829 1490 annis,

90 1495 267 1565 Miraturque
284 1496 351 1549 nihil
368 1496 421 1549 nisi
439 1496 514 1565 quod
532 1496 653 1549 Libitina
670 1498 792 1551 sacravit.

91 1570 194 1624 llnnius
212 1576 241 1624 et
259 1572 366 1640 sapiens
384 1575 413 1625 et
428 1571 509 1625 fortis
526 1574 556 1625 et
573 1572 644 1625 alter
663 1572 809 1642 Homerus,
912 1589 937 1630 cc

90 1645 131 1700 Ut
147 1646 236 1700 critici
255 1646 357 1714 dicunt,
375 1646 474 1701 leviter
490 1662 586 1701 curare
604 1647 714 1701 ridetur

91 1720 152 1784 Quo
169 1722 304 1790 promissa
320 1721 420 1775 cadant
437 1726 467 1776 et
484 1723 588 1777 somnia
607 1723 783 1791 Pythagorea

90 1796 213 1852 Naevius
229 1797 258 1850 in
276 1798 401 1851 manibus
418 1815 473 1851 non
491 1802 534 1852 est
551 1803 581 1853 et
598 1799 736 1853 mentibus
753 1798 850 1853 haeret

90 1872 183 1927 Paene
200 1873 314 1927 recensi
351 1874 431 1927 Adeo
449 1878 572 1927 sanctum
587 1878 630 1928 cst
647 1878 726 1928 vetus
740 1890 819 1927 omne
833 1880 938 1944 potura

91 1948 251 2016 Ambigitur
268 1948 395 2017 quotiens
411 1952 475 2003 uter
491 1952 554 2003 utro
573 1951 609 2002 sit
626 1950 708 2017 prior,
727 1950 816 2003 aufert
914 1966 937 2005 tc

5 2014 9 2034 ³
95 2023 231 2078 Pacuvius
249 2024 323 2077 docti
341 2025 441 2077 famam
458 2025 539 2092 senis,
558 2025 658 2078 Accius
675 2025 732 2092 alti,

91 2096 200 2157 Dicitur
220 2099 319 2153 Afrani
337 2104 403 2168 toga
420 2101 577 2154 convenisse
595 2100 754 2167 Menandro,

90 2175 206 2229 Plautus
223 2174 260 2228 ad
277 2177 417 2245 exemplar
434 2176 518 2230 Siculi
535 2192 681 2245 properare
700 2176 862 2245 Epicharmi,

4 2309 8 2325 Δ
89 2248 211 2305 Vincere
229 2251 362 2305 Caecilius
379 2251 521 2319 gravitate,
540 2250 685 2304 Terentius
702 2256 770 2306 arte.

89 2324 151 2379 Hos
168 2326 267 2380 ediscit
284 2330 314 2380 et
331 2327 381 2380 hes
398 2330 475 2380 arcto
493 2327 596 2396 stipata
613 2326 723 2379 theatro
912 2346 936 2387 ω

88 2400 204 2470 Spectat
222 2401 310 2455 Rcma
326 2406 425 2471 potens
435 2424 443 2468 ;
467 2402 552 2456 habet
571 2402 620 2455 hos
639 2406 818 2471 numeratque
835 2407 930 2473 politae

87 2476 138 2530 Ad
155 2481 279 2532 nocuum
297 2480 406 2547 tempus
425 2477 486 2530 Liri
504 2477 645 2547 scriptoris
662 2477 697 2530 ab
715 2494 788 2531 aero.

87 2551 236 2606 Interdum
253 2553 350 2621 vulgus
367 2557 473 2607 rectum
489 2553 573 2621 videt,
592 2558 635 2606 est
651 2552 700 2605 ubi
717 2557 818 2621 peccat.

87 2627 118 2680 si
136 2632 244 2682 veteres
260 2628 301 2682 ita
317 2628 434 2681 miratur
451 2628 600 2696 laudatque
617 2632 713 2695 pectas

87 2702 129 2757 Ut
147 2703 215 2757 nihil
232 2704 369 2758 anteierat
386 2704 454 2756 nihil
471 2704 526 2756 illis
543 2708 690 2771 comperet,
708 2707 800 2758 errat:
914 2720 936 2761 c

86 2777 118 2832 si
137 2779 272 2847 quaedam
290 2780 371 2832 nimis
389 2779 510 2847 entique,
529 2779 552 2831 si
569 2779 699 2847 pleraque
718 2779 787 2833 dure

86 2852 189 2910 Dicere
207 2854 297 2909 credit
314 2871 369 2924 eos,
386 2855 483 2922 ignare
500 2854 588 2907 multa
604 2854 714 2919 fatetur,

85 2928 125 2984 m
143 2930 215 2998 sapit
233 2935 263 2984 et
279 2947 385 2985 mecum
404 2931 468 2983 iacit
486 2934 516 2984 et
533 2930 603 2983 Jove
616 2928 724 2996 judicat
742 2944 837 2997 aequo.

5 2999 6 3006 ’
84 3003 151 3059 Non
169 3007 299 3075 equidem
315 3007 434 3059 insector
452 3004 625 3073 delendaque
642 3004 762 3057 carmina
780 3004 839 3057 Livi

85 3080 156 3135 lisse
173 3097 244 3151 reor,
261 3081 373 3136 memini
391 3096 461 3150 quae
478 3079 620 3149 plagosum
637 3078 704 3132 milri
722 3094 806 3147 parve
