2025 3409
339 68 492 119 Hoaa'ffl
511 71 641 121 FLACOI

135 149 267 218 llreptmn
285 149 387 217 Stygiis
404 149 532 203 fluctibus
553 152 674 206 Aeacum

135 224 232 278 Virtus
249 228 279 277 et
295 223 372 277 favor
390 228 419 278 et
436 224 530 292 lingua
546 227 701 293 potentium

135 299 237 353 Vatum
256 299 385 353 divitibus
403 304 543 354 consecrat
560 301 662 356 insulis

135 374 256 443 Dignum
273 374 354 427 laude
372 374 461 427 virum
479 374 560 429 Musa
575 381 652 431 vetat
668 379 750 437 mori.

136 450 217 505 Caelo
235 450 316 504 Musa
332 450 404 505 beat
440 450 486 505 Sic
503 450 581 504 Joiis
598 452 714 509 interest

136 525 245 594 Optatis
263 525 350 593 epulis
367 526 484 593 impiger
502 526 651 593 Hercules3

135 601 246 655 Clarum
263 600 434 669 'l'pmdaridae
453 600 530 654 sidus
547 601 582 655 ab
599 602 699 658 infimis

136 677 254 742 Quassas
272 676 392 744 eripiunt
409 675 573 745 aequoribus
589 681 680 745 rates余

135 751 255 807 Ornatus
273 752 353 805 viridi
371 754 495 819 tempora
512 752 639 821 pampino

136 826 220 883 Liber
236 830 301 882 vota
316 826 402 881 bonos
419 827 497 881 ducit
514 827 551 881 ad
568 828 667 885 exitus.

466 969 516 1023 IX.

168 1050 196 1108 N
197 1067 215 1107 a
231 1052 302 1107 sorte
319 1051 414 1107 credas
430 1052 577 1106 interitura
594 1071 665 1123 quae

168 1128 261 1195 Longo
279 1132 419 1182 sonantem
436 1132 518 1181 natus
535 1129 571 1181 al
590 1131 721 1185 Aufidum

202 1204 227 1258 N
231 1221 264 1255 on
282 1206 346 1257 ante
363 1204 486 1271 vulgatas
502 1220 554 1272 per
570 1208 645 1259 artes

236 1278 329 1332 Verba
345 1279 441 1347 loquor
459 1278 587 1333 socianda
603 1280 726 1338 chordis:

168 1354 230 1409 Nou
249 1354 271 1407 sl
289 1355 394 1422 primes
412 1353 555 1407 Maeonius
571 1358 651 1409 tenet

167 1430 253 1485 Sedes
271 1430 408 1483 Homerus
427 1430 587 1485 Pindaricae
604 1431 692 1486 latent

202 1505 326 1574 Ceaeque
344 1509 373 1559 et
392 1504 486 1559 Alcaei
504 1506 625 1559 minaces

235 1580 436 1649 Stesichorique
454 1598 550 1648 graves
569 1581 717 1638 Camenae:

167 1656 192 1710 N
195 1672 226 1711 eo
244 1656 266 1709 si
284 1656 351 1726 quid
369 1655 433 1709 olim
451 1656 516 1709 lusit
536 1662 677 1710 Anacreon

166 1730 276 1785 Delevit
292 1734 382 1797 actas余
401 1730 487 1799 spirat
503 1731 593 1785 adhuc
610 1748 686 1788 amor

200 1806 359 1875 Vivuntque
377 1806 512 1859 commissi
530 1806 634 1861 calores

235 1882 348 1935 Aeoliae
365 1880 466 1934 fidibus
483 1881 599 1950 puellae.

165 1957 228 2013 Non
246 1957 302 2011 sola
319 1960 441 2024 comptos
459 1956 527 2010 arsit
544 1956 663 2011 adulteri

166 2033 269 2099 Crines,
287 2036 317 2086 et
335 2047 430 2085 aurum
448 2032 571 2085 vestibus
588 2032 686 2087 illitum

199 2108 301 2161 Mirata
318 2106 479 2176 regalesque
497 2107 587 2161 cultus

234 2184 271 2236 ut
288 2184 400 2237 comites
420 2183 527 2236 Helene
546 2182 676 2250 Lacaena,

166 2259 309 2316 Primusve
327 2258 431 2311 Teucer
448 2258 504 2311 tela
522 2258 643 2325 Cydonio

164 2334 275 2393 Direxit
292 2350 370 2398 arcu余
388 2349 442 2385 non
461 2333 545 2387 semel
564 2333 631 2385 ilios

199 2411 322 2474 Vexata3
339 2426 394 2464 nou
411 2408 543 2477 pugnavit
560 2408 657 2476 ingens

234 2485 397 2539 Idomeneus
416 2484 595 2538 Sthenelusve
613 2484 687 2537 eolus

164 2560 288 2617 Dicenda
306 2560 394 2613 Musis
411 2559 529 2628 proelia余
547 2575 601 2611 non
618 2559 696 2613 ferox

165 2638 270 2693 llcctor
287 2635 329 2689 vel
347 2652 410 2688 acer
428 2633 588 2701 Deiphobus
608 2650 706 2702 graves

200 2711 315 2779 Excepit
332 2710 403 2764 ictus
420 2725 470 2778 pro
487 2709 595 2777 pudicis

233 2784 402 2853 Oonjugibus
419 2785 567 2853 puerisque
584 2786 694 2852 primus.

165 2861 266 2914 Visere
284 2862 370 2913 fortes
388 2862 453 2912 ante
473 2860 678 2926 Agamemnona

164 2936 264 2999 Multi3
282 2934 332 2987 sed
350 2950 444 2985 omnes
461 2934 662 2988 illacrimabiles

202 3010 342 3073 Urgentur
361 3008 501 3074 ignotique
521 3008 602 3075 longa

234 3082 260 3136 N
263 3084 331 3147 octe,
349 3084 444 3133 carent
462 3082 528 3149 quia
544 3087 608 3136 rate
626 3101 709 3141 atero.
