2025 3409
71 64 117 111 182
342 60 498 110 HORATII
515 60 645 110 FLACGI

69 142 198 196 Militiam
216 157 286 211 puer
304 145 333 195 et
353 140 517 194 Cantabrica
533 139 606 193 bella
624 140 713 193 tulisti
897 154 924 195 os

70 218 127 271 Sub
146 216 216 271 duce
234 211 282 286 qui
300 216 412 283 templis
431 215 595 269 Parthorum
613 215 690 282 signa
708 216 800 283 refigit

69 294 156 355 Nrmc,
174 297 203 347 et
224 294 247 345 si
265 291 332 361 quid
350 292 429 345 abest
445 291 524 345 Italis
542 290 683 359 adjudicat
700 292 790 345 armis.

71 374 122 436 Ao,
143 386 179 423 ne
199 372 229 423 te
247 368 372 421 retrahas
391 370 420 421 et
440 367 631 420 inexcusabilis
651 366 731 433 absis,

71 443 202 507 Quamvis
222 444 261 497 nil
280 447 359 496 extra
379 459 523 496 numerum
542 443 638 495 fecisse
654 442 819 511 modumque

71 519 165 587 Cures,
186 520 328 573 interdum
344 519 456 586 nugaris
476 534 541 571 rure
560 521 690 587 paterno;
903 540 930 579 ω

71 592 196 649 Partitur
212 595 309 649 lintres
329 594 480 655 exercitus;
499 594 582 647 Actia
603 608 696 661 pugna

70 669 111 725 'fe
129 672 199 725 duce
215 688 267 739 per
282 686 381 740 pueros
398 669 490 723 hostili
511 683 587 721 more
604 669 737 734 refertur3

73 746 256 800 Adversarius
274 749 316 799 est
333 746 426 811 irater,
443 743 519 797 lacus
540 744 652 809 Hadria,
674 743 760 798 donee

73 821 249 875 Alterutrum
264 821 344 874 velox
363 820 488 873 Victoria
504 817 603 872 fronde
623 823 741 872 coronet.

77 896 239 950 Consentire
257 897 313 949 suis
333 895 432 949 studiis
451 895 497 962 qui
517 894 667 947 crediderit
684 898 720 960 te,
902 918 930 955 05

75 971 177 1025 Fautor
196 975 313 1039 utroque
331 974 409 1024 tunm
427 969 553 1022 laudubit
567 969 664 1039 pollice
684 969 785 1025 ludum.

76 1045 203 1101 Protinus
220 1051 253 1101 ut
270 1062 401 1113 moneam,
421 1044 529 1112 siquid
547 1045 689 1099 monitoris
707 1062 771 1113 eges
789 1050 821 1099 tu

77 1122 149 1185 Quid
167 1123 203 1177 de
221 1139 328 1191 qnoque
344 1122 403 1174 viro
420 1125 451 1174 et
467 1121 511 1174 cui
529 1120 602 1174 dicas
621 1137 702 1190 saepe
718 1121 818 1175 videto.

78 1198 297 1251 l'ercontatorem
313 1197 408 1265 fugito,
425 1213 488 1250 nam
505 1196 631 1263 garrulus
648 1196 722 1249 idem
740 1200 790 1265 cst,

77 1272 136 1327 h'ec
152 1274 271 1327 retinent
288 1273 397 1340 patulae
415 1271 557 1325 commissa
575 1271 694 1325 fideliter
711 1288 797 1341 aures,
903 1288 930 1329 ro

79 1348 115 1402 lit
131 1350 214 1403 semel
232 1349 360 1402 emissum
377 1348 450 1401 volnt
467 1346 644 1400 irrevocabile
660 1347 781 1400 verbum.

78 1425 103 1477 N
106 1441 140 1478 on
156 1425 253 1478 ancilla
269 1428 348 1477 tuum
361 1423 440 1491 jecur
457 1423 562 1476 ulceret
579 1422 635 1475 ulla
650 1440 753 1491 puerve

80 1501 156 1554 Intra
172 1516 352 1553 marmoreum
370 1498 518 1553 venerandi
535 1498 618 1551 limen
635 1499 724 1567 amici,

79 1576 122 1629 Ne
140 1575 263 1629 dominus
280 1574 357 1641 pueri
374 1574 480 1641 pulchri
497 1590 609 1627 caraeve
627 1574 733 1641 puellae

79 1652 193 1704 Munere
209 1654 239 1703 te
256 1665 339 1717 parvo
356 1649 421 1702 beet
438 1652 486 1702 aut
503 1649 688 1703 incommodus
705 1653 795 1717 angat
905 1664 930 1705 ⁷⁵

80 1726 192 1791 Qualem
203 1724 376 1780 commendes
388 1724 471 1777 etiam
484 1729 567 1793 atque
579 1724 661 1777 etiam
673 1724 791 1793 adspice,
803 1740 839 1777 ne
850 1740 916 1779 mox

81 1801 217 1855 incutiant
234 1801 322 1854 aliena
338 1798 389 1852 tibi
406 1803 518 1865 peccata
535 1799 673 1867 pudorem.

80 1877 210 1931 Fallimur
226 1880 256 1930 et
273 1875 409 1944 quondam
426 1890 480 1926 non
498 1874 610 1941 dignum
628 1874 774 1928 tradimus:
792 1890 855 1943 ergo

81 1954 167 2018 Quem
184 1969 233 2006 sua
249 1952 328 2019 culpa
344 1953 452 2018 premet
469 1949 600 2017 deceptus
617 1950 713 2004 omitte
730 1951 811 2015 tueri,

79 2028 121 2083 Ut
136 2028 245 2097 penitus
262 2030 364 2093 notum,
382 2027 405 2077 si
422 2028 531 2078 tentent
548 2025 668 2093 crimina,
686 2042 778 2080 serves
903 2049 932 2087 ω

80 2104 242 2171 ‘laterisque
259 2106 308 2155 tuo
325 2102 455 2154 fidentem
471 2100 623 2169 praesidi03
640 2101 687 2169 qui

80 2179 170 2233 Dente
187 2178 325 2231 Theonino
342 2192 403 2230 cum
421 2174 635 2242 circumroditur,
654 2175 752 2244 ecquid

81 2256 128 2310 Ad
144 2258 174 2309 te
191 2259 253 2322 post
269 2252 350 2321 paulo
367 2255 483 2306 ventura
499 2251 621 2319 pericula
639 2253 739 2306 sentisl

79 2332 151 2385 Nam
169 2334 218 2384 tua
234 2345 279 2381 res
296 2329 387 2396 agitur
403 2328 493 2398 paries
512 2344 573 2380 cum
592 2327 731 2395 proximus
749 2326 836 2394 ardet,

80 2406 117 2461 Et
133 2406 258 2473 neglecta
275 2404 363 2457 solent
379 2402 506 2456 incendia
525 2418 633 2457 sumere
651 2402 729 2455 vires.
908 2421 933 2461 35

80 2481 174 2536 Dulcis
191 2480 340 2557 inexpertis
358 2479 464 2532 cultura
481 2478 603 2545 potentis
622 2478 714 2531 amici:

80 2559 217 2626 Expertus
234 2556 340 2609 metuit.
375 2554 416 2607 Tu
434 2554 500 2606 dum
518 2557 567 2606 tua
584 2554 661 2605 navis
679 2554 707 2606 in
724 2553 780 2606 alto
797 2556 839 2607 est

81 2634 142 2685 Hoc
158 2649 217 2701 age,
233 2648 269 2690 ne
286 2633 392 2684 mutata
408 2634 559 2685 retrorsum
578 2633 606 2681 te
623 2628 695 2681 ferat
712 2644 785 2680 aura.

80 2708 206 2777 Oderunt
223 2706 336 2758 hilarem
353 2704 448 2757 tristes
465 2703 628 2771 tristemque
643 2704 737 2769 jocosi,

80 2781 211 2833 Sedatum
228 2780 335 2844 celeres,
353 2778 452 2845 agilem
469 2795 624 2846 navumque
642 2777 763 2841 remissi;

81 2854 194 2907 Potores
211 2853 298 2905 bibuli
315 2852 406 2906 medie
423 2852 459 2910 de
475 2856 555 2906 nocte
574 2852 683 2906 Falerni

81 2927 207 2987 Oderunt
223 2929 348 2993 porrecta
365 2930 511 2994 negantem
528 2928 632 2995 pocula,
650 2926 773 2997 quamvis

82 2996 234 3051 Nocturnas
247 2998 327 3066 jures
344 3002 374 3051 te
390 3000 538 3056 formidare
556 3018 677 3070 vapores.

84 3067 167 3123 Deme
185 3072 328 3137 supercilio
344 3072 461 3137 nubem;
477 3075 639 3144 plerumque
656 3077 797 3131 modestus
