2025 3409
78 58 125 105 122
358 53 512 103 nomn
530 54 659 104 unaool

77 134 173 188 Intans
189 147 309 199 namque
325 132 416 199 pudor
432 134 596 202 prohibebat
612 135 691 202 plura
708 134 818 203 profari,

76 209 138 262 Non
156 226 208 275 ego
226 224 271 260 ma
288 206 362 260 claro
378 211 473 261 natum
490 213 577 277 patro,
595 226 649 263 non
666 224 716 278 ego
733 211 836 264 circum

75 283 123 337 Me
141 284 305 338 Satureiano
321 283 423 336 vectari
441 300 507 337 rura
524 284 635 351 caballo,

75 357 131 411 Sed
142 358 218 427 quod
229 373 305 411 cram
317 373 406 411 narro,
441 358 601 427 Respondes
612 363 644 415 ut
655 362 719 413 tuus
730 363 773 414 est
784 376 845 414 mos
903 376 927 417 so

1001 338 1004 363 ¹

75 433 177 489 Pauca:
199 434 282 499 abeo;
307 438 337 487 et
353 449 463 487 revocas
480 449 551 487 nono
568 438 631 502 post
648 451 740 488 mense
752 434 893 504 jubesque
1003 444 1004 469 l

74 506 142 561 Esse
159 508 188 561 in
205 508 354 561 amicorum
370 524 491 561 numero.
526 508 657 577 Magnum
674 509 726 563 hoc
743 527 794 578 ego
813 511 885 565 duco

74 582 154 646 Quod
171 584 263 652 placui
281 583 332 637 tibi
349 583 398 652 qui
415 584 489 651 turpi
508 584 627 638 secernis
644 585 796 653 honestum,

73 657 135 712 Non
153 665 234 728 patre
251 658 391 726 praeclaro
409 658 459 712 sed
476 658 534 712 vita
550 663 580 715 et
597 663 708 728 pectore
725 678 802 729 puro.

73 736 162 804 Atqui
180 735 203 789 si
221 734 295 788 vitiis
312 733 495 787 mediocribus
513 750 544 787 aa
561 751 622 789 mea
639 737 732 803 paucis
902 753 925 793 aa

73 809 208 865 Mcndosa
225 815 269 865 est
285 814 384 863 natura
400 809 501 878 alioqui
518 813 601 877 recta,
619 812 695 865 uelut
712 812 735 865 si

72 883 192 954 Egregie
210 887 346 955 inspersos
362 884 548 952 reprehendas
565 902 678 955 corpore
695 903 809 953 naevos;

72 960 101 1014 Si
119 979 210 1029 neque
227 962 370 1015 avaritiam
388 977 477 1028 neque
495 960 590 1014 sordes
608 966 656 1015 ant
673 963 744 1016 mala
761 963 850 1017 lustra

72 1036 193 1105 Objiciet
210 1054 274 1091 vere
292 1037 433 1105 quisquam
452 1036 526 1101 mihi,
544 1053 629 1105 purus
647 1041 676 1091 et
693 1038 784 1093 insons

73 1113 122 1179 (Ut
139 1129 185 1167 me
202 1111 361 1175 collaudem)
380 1111 403 1164 si
421 1115 451 1164 et
467 1111 529 1164 vivo
547 1128 625 1165 carus
643 1113 750 1178 amicis3

73 1188 162 1243 Causa
178 1189 232 1242 fuit
249 1193 328 1255 pater
345 1186 395 1252 his,
412 1186 461 1254 qui
478 1202 569 1241 macro
586 1204 692 1256 pauper
709 1189 797 1256 agello

72 1264 168 1318 Noluit
186 1264 214 1317 in
233 1263 311 1317 Flavi
327 1261 422 1315 ludum
440 1278 485 1316 me
501 1263 622 1331 mittere,
640 1264 731 1331 magni

72 1339 132 1403 Quo
149 1340 229 1409 pueri
245 1339 351 1406 magnis
368 1355 384 1391 e
402 1338 607 1392 centurionibus
624 1340 685 1407 orti,

72 1414 162 1468 Laevo
180 1415 305 1483 suspensi
323 1413 423 1467 loculos
440 1413 617 1482 tabulamque
635 1410 742 1482 lacertol

72 1490 155 1544 Ibant
172 1490 276 1544 octonis
294 1490 446 1543 referentes
464 1488 562 1542 Idibus
579 1505 656 1543 acra:
897 1506 924 1546 π

71 1566 127 1620 Sed
144 1582 260 1635 puerum
277 1569 322 1618 est
339 1580 421 1617 ausus
440 1564 555 1617 Romam
573 1570 683 1633 portare
701 1565 852 1619 docendum
912 1632 914 1637 ,

72 1643 157 1695 Artes
175 1658 243 1710 quas
261 1641 358 1694 doceat
376 1640 464 1707 quivis
481 1656 566 1707 equos
584 1644 668 1709 atque
685 1645 795 1695 senator

72 1719 164 1771 Scmet
181 1720 335 1786 prognatos.
370 1716 483 1768 Vestem
502 1732 648 1785 servosque
666 1721 819 1785 sequentes,

73 1794 107 1846 In
124 1809 221 1861 magno
238 1796 271 1845 ut
287 1790 394 1860 populo,
413 1791 435 1844 si
453 1791 500 1859 qui
519 1790 639 1858 vidisset,
658 1792 731 1845 avita

73 1869 114 1921 Ex
131 1885 162 1921 re
180 1868 305 1935 praeberi
323 1871 448 1933 sumptus
465 1866 533 1919 101111
550 1866 677 1921 crederet
693 1868 760 1921 illos.
898 1884 924 1921 ao

73 1945 137 2012 Ipse
154 1945 220 1997 mihi
238 1941 330 1997 cu'stos
347 1942 596 2010 incorruptissimus
614 1959 707 1996 omnes

73 2020 181 2072 Circum
199 2019 325 2072 doctores
343 2018 446 2071 adorat
482 2017 555 2081 Quid
573 2018 675 2071 multal
711 2017 852 2085 Pudicam,

73 2095 126 2158 Qui
143 2095 249 2163 primus
266 2093 378 2146 virtutis
395 2093 487 2160 110000,
505 2094 623 2145 servavit
640 2092 675 2146 ab
692 2094 765 2145 omni

74 2171 135 2222 Non
153 2170 239 2223 solum
256 2170 328 2222 facto
346 2185 440 2221 uerum
457 2167 603 2236 opprobrio
621 2184 728 2238 quoqne
746 2169 836 2237 turpi;

73 2246 98 2298 N
102 2262 131 2298 ec
149 2245 242 2298 timuit
260 2244 311 2298 sibi
328 2260 363 2297 ne
381 2244 447 2297 vitia
465 2244 526 2309 quis
545 2247 666 2297 verteret
683 2244 747 2297 olim
900 2260 927 2297 aa

73 2322 102 2374 Si
120 2337 217 2389 praeco
235 2336 333 2390 parvas
350 2322 407 2386 aut,
426 2320 527 2373 011011
545 2320 611 2387 ipse,
629 2323 739 2373 coactor

74 2397 216 2451 Mercedes
224 2412 364 2463 sequerer;
374 2411 462 2461 neque
470 2411 521 2461 ego
528 2411 616 2448 essem
625 2400 748 2463 questus:
760 2394 845 2449 athoc
850 2411 925 2449 0000

75 2473 147 2525 Laus
163 2472 203 2525 illi
221 2472 339 2525 debetur
356 2473 386 2523 et
402 2485 420 2522 a
436 2486 481 2523 me
497 2470 588 2536 gratia
605 2470 700 2538 major.

74 2548 120 2600 Nil
138 2565 183 2601 me
200 2549 338 2617 poeniteat
356 2561 452 2599 sanum
469 2546 556 2613 patris
568 2545 655 2614 hujus
673 2562 760 2615 eoquo

75 2624 99 2675 N
102 2640 143 2688 on,
160 2627 192 2677 01
208 2639 307 2691 magna
324 2621 387 2674 dolo
403 2621 506 2674 factum
524 2625 605 2687 negat
623 2637 683 2674 esse
701 2638 749 2673 suo
766 2636 830 2689 pars
898 2636 926 2677 oo

75 2698 154 2762 Quod
170 2714 224 2751 non
242 2700 373 2766 ingenuos
390 2695 491 2749 habeat
509 2696 651 2764 clarosque
668 2700 804 2765 parentes,

75 2775 119 2827 Sic
136 2790 180 2827 me
198 2773 351 2827 delendam.
386 2771 479 2839 Longe
497 2788 558 2824 mea
576 2772 713 2840 discrepat
730 2772 791 2825 10110

76 2848 112 2902 Et
129 2865 181 2901 vox
199 2852 228 2901 et
245 2849 330 2901 ratio:
349 2864 413 2900 nam
430 2848 453 2899 si
470 2850 568 2900 natura
582 2846 697 2914 juberet

77 2924 103 2974 A
121 2923 203 2974 certis
221 2923 297 2974 annis
315 2938 411 2975 aevum
429 2936 552 2974 remeare
569 2925 711 2989 peractum

78 2998 170 3061 Atque
187 2996 254 3048 alios
271 2996 361 3061 legero
379 2994 415 3047 ad
431 2996 532 3048 fastum
550 3012 725 3065 quoscunque
743 3000 871 3064 parentes
906 3012 931 3051 os

78 3069 194 3135 Optaret
211 3068 262 3121 sibi
279 3069 400 3136 quisquo,
418 3070 486 3121 mois
504 3074 647 3124 contentus
665 3072 793 3127 honestos
