2025 3409
105 41 151 87 loa
376 38 528 87 Bonam
546 38 675 89 FLACOI
996 36 997 99 l

106 116 152 169 Nil
169 115 289 169 medium
307 121 357 170 est
392 117 462 171 Sunt
480 118 527 186 qui
545 118 631 171 nolint
648 117 773 187 tetigisse
789 119 841 173 uisi
855 117 911 171 illas
996 132 997 187 ᾗ

105 189 225 254 Quarum
242 190 356 244 subsuta
372 192 442 245 talos
459 194 538 259 tegat
555 193 651 246 instita
667 197 759 259 veste;
996 206 997 209 ’

105 266 207 319 Contra
223 267 291 319 alius
309 266 410 319 nullam
427 267 479 320 nisi
496 268 581 320 olenti
598 268 626 321 in
644 268 745 322 iomice
763 273 887 323 stantem.
920 279 939 318 a
996 328 997 339 γ

105 341 221 404 Quidam
238 346 318 394 notus
334 342 415 395 homo
431 358 492 395 cum
512 344 600 396 exiret
616 343 724 410 fornice,
742 344 855 398 “blacta

108 414 217 469 Virtute
235 416 316 483 esto,'’
333 417 423 485 inquit
442 420 578 471 sententia
596 419 642 471 dia
660 419 778 474 Catonis.

107 490 175 545 liam
193 492 273 545 simul
290 507 322 545 aa
339 509 422 546 renas
439 494 543 547 inflavit
561 498 634 548 tetra
651 493 735 547 libido

108 564 168 618 Huc
181 565 297 633 juvenes
314 583 430 635 aequum
448 572 490 621 est
508 568 682 637 descendere,
700 586 753 623 nou
771 570 872 624 alienas

105 639 259 694 Permolere
275 658 381 697 uxores.
415 643 529 695 “Nolim
546 644 704 710 laudarier,'’
722 644 819 714 inquit,
921 656 943 699 u

105 715 171 770 “Sic
187 716 253 783 mo,’'
273 718 386 771 mirator
403 719 483 771 cunni
501 718 668 787 Cupiennius
684 720 747 775 albi

105 791 211 844 Audire
227 796 270 846 est
287 809 384 861 operae
402 794 528 861 pretium,
545 795 694 862 procedere
712 798 788 849 recte

105 866 157 929 Qui
174 868 299 921 moechos
316 885 369 921 nou
387 868 476 935 vultis,
495 875 526 923 ut
544 871 617 923 omni
634 875 713 939 parte
731 871 869 938 laboreut3
997 914 998 947 ,

106 940 198 1011 thue
215 943 268 996 illis
284 944 370 996 multo
388 949 516 1012 corrupta
533 945 626 999 dolore
644 947 775 1015 voluptas,

106 1017 198 1086 Atque
216 1018 282 1071 haee
299 1036 368 1084 rara,
386 1019 467 1072 cadat
484 1020 611 1074 dura‘t
570 1028 611 1074 mt
613 1038 643 1074 er
661 1037 741 1089 saepe
758 1022 868 1090 pericla
923 1036 944 1076 ιι

105 1092 159 1146 llic
176 1110 206 1147 se
223 1095 398 1162 praecipitem
415 1099 488 1148 tecto
505 1095 600 1161 dedit;
619 1096 665 1150 ille
683 1097 796 1165 flagellis
997 1098 998 1105 ’

105 1168 152 1221 Ad
168 1177 284 1222 mortem
302 1186 409 1234 caesus3
427 1169 534 1237 fugiens
551 1138 600 1225 hio,
613 1172 715 1226 decidit
704 1177 822 1226 tacrem

105 1242 294 1298 Praedonem
286 1262 315 1298 ιιι
326 1245 450 1310 turbam;
468 1246 547 1299 dedit
559 1247 602 1300 hic
613 1264 662 1316 pro
674 1264 785 1316 corpore
797 1264 921 1300 rmmmos
928 1267 935 1313 ;

105 1319 186 1373 Hune
203 1322 407 1388 perminxenmt
423 1321 545 1386 calones;
563 1323 628 1390 quin
646 1324 729 1376 etiam
746 1324 814 1376 illud

105 1395 220 1464 Accidit,
238 1402 270 1450 ut
287 1396 398 1464 quidum
415 1401 502 1450 testes
520 1398 689 1467 caudamque
707 1398 821 1451 salacem
925 1413 946 1453 st

104 1470 265 1526 Demeteret
281 1475 359 1526 ferro.
395 1472 414 1525 J
416 1489 465 1525 ure
482 1489 591 1539 omnes;
610 1474 697 1527 Galba
713 1474 836 1541 negabat

104 1545 199 1600 Tutior
215 1552 245 1601 at
262 1552 363 1615 quanto
380 1564 458 1601 merx
475 1549 564 1602 estin
582 1549 667 1603 classe
684 1549 810 1617 secunda,

105 1620 305 1677 Libertinarum
322 1624 390 1690 dico,
410 1624 554 1677 Sallustius
572 1624 599 1677 iu
618 1642 685 1693 quas

104 1696 166 1750 Nou
183 1700 273 1751 minus
289 1700 389 1753 insanit
406 1716 488 1767 quam
506 1700 554 1767 qui
571 1700 735 1755 moechatur.
771 1702 811 1755 At
828 1701 873 1755 hie
891 1702 914 1754 si
998 1752 999 1755 ,

104 1772 164 1836 Qua
181 1791 232 1842 res,
250 1792 304 1844 qua
320 1775 390 1828 ratio
408 1775 544 1843 suaderet,
562 1792 670 1844 quaque
687 1776 810 1830 modeste
923 1792 945 1831 sc
998 1770 999 1779 ¹

105 1847 232 1903 Munilico
250 1866 309 1904 esse
326 1850 397 1917 licet,
414 1850 497 1903 vellet
516 1850 602 1903 bonus
619 1855 703 1919 atque
720 1851 855 1920 benignus

104 1923 180 1991 Esse,
198 1926 277 1979 daret
294 1930 379 1994 quant
380 1942 424 1978 um
443 1926 510 1984 satis
528 1930 669 1980 essetnec
687 1926 739 1980 sibi
756 1927 857 1980 damno

105 1998 293 2072 Dedeconque
311 2001 389 2055 foret
424 2000 530 2053 Verum
547 2001 598 2054 hoe
615 2018 645 2055 se
662 2002 835 2070 amplectitur
852 2020 912 2071 uno,
998 2058 999 2061 ,

105 2075 166 2130 Hoc
182 2083 256 2130 amat
273 2081 303 2130 et
320 2076 428 2131 laudat:
447 2077 529 2129 “Mat
517 2080 623 2130 trenam
640 2077 741 2130 nullam
758 2094 809 2145 ego
825 2045 928 2148 tangol’

104 2150 145 2208 Ut
162 2153 298 2221 quondam
316 2152 463 2218 Marsaeus,
482 2156 587 2205 amator
605 2152 722 2221 Originis
739 2152 792 2220 ille,
922 2169 945 2209 ⁵⁵

105 2226 158 2292 Qui
174 2228 293 2297 patrium
311 2227 409 2280 mimae
426 2227 511 2281 donat
528 2228 696 2295 fundumque
713 2228 860 2297 laremque,

104 2305 120 2331 “
126 2303 153 2357 N
154 2303 174 2357 il
185 2303 269 2356 fuerit
280 2302 339 2369 mi,'’
352 2302 449 2371 inquit,
462 2304 544 2355 “cum
557 2303 686 2356 uxoribus
697 2320 817 2372 unquam
829 2303 944 2357 alienis.”

105 2379 209 2433 Verum
226 2382 269 2431 est
286 2394 347 2431 cum
364 2378 462 2445 mimis,
479 2380 523 2430 est
541 2394 602 2431 cum
619 2378 815 2444 meretricibus,
833 2379 904 2433 unde

105 2456 189 2509 Fama
199 2454 299 2507 malum
311 2454 419 2520 gravius
430 2469 512 2521 quam
524 2470 569 2506 res
580 2453 672 2508 trabit.
707 2454 752 2507 Au
764 2453 816 2506 tibi
827 2453 941 2508 abunde-

105 2532 251 2584 Persouam
268 2530 334 2581 satis
352 2532 402 2595 est,
418 2544 472 2581 uon
490 2528 558 2581 illud
576 2528 709 2597 quidquid
726 2528 828 2597 ubique
919 2546 945 2585 aa

104 2606 194 2660 Officit
210 2605 329 2658 evitarel
365 2604 469 2657 Bonam
487 2603 639 2671 deperdere
657 2605 764 2672 sarnam,

106 2682 173 2735 Rem
184 2680 272 2749 patris
283 2678 419 2745 oblimare,
432 2678 532 2731 malurn
545 2683 588 2731 est
600 2678 761 2747 ubicunque.
791 2678 862 2743 Quid
872 2678 946 2733 inter

106 2758 153 2809 dat
170 2756 200 2809 in
216 2758 346 2819 matrona,
363 2753 466 2821 ancilla,
483 2769 614 2822 peccesne
631 2755 740 2821 togatal

106 2830 226 2885 Villius'
218 2846 247 2883 m
266 2829 367 2881 Fausta
385 2828 475 2881 Sullae
491 2844 583 2896 gener,
601 2830 652 2882 hoe
669 2830 735 2883 mis
730 2846 752 2882 ι·
768 2846 824 2883 uno

102 2905 218 2958 Nomine
237 2903 375 2970 deceptus,
393 2918 494 2969 poenas
512 2904 591 2957 dedit
579 2908 694 2973 tuaque
712 2921 848 2979 superque
920 2923 946 2966 aa

102 2979 189 3042 Quam
206 2978 273 3032 satis
290 2981 340 3041 est,
356 2978 454 3044 pugnis
471 2993 565 3032 caesus
582 2981 709 3048 ferroque
727 2982 839 3049 petitus,

102 3051 233 3106 Exclusus
251 3052 309 3104 fore
326 3067 386 3103 cum
404 3050 582 3119 Longarenus
599 3055 670 3109 foret
687 3056 769 3113 intus.
