2025 3409
404 50 557 101 HORATII
574 46 704 96 abacos

269 136 338 191 Oum
355 150 405 203 per
423 133 564 187 obstantes
576 127 710 197 juvenum
728 129 853 179 cateruas

269 212 327 265 Ibit
343 210 476 277 insignem
494 208 622 274 repetens
640 201 804 266 Nearchum,

268 286 380 343 Grande
398 288 536 339 certamen
553 279 606 334 tibi
622 276 727 347 praeda
744 276 826 330 cedat

303 361 394 430 Major
411 376 446 413 an
463 358 511 411 illi.

269 433 392 503 Interim,
411 436 477 488 dum
495 437 527 487 tu
545 431 648 485 celeres
667 429 781 496 sagittas

269 513 384 580 Promis,
401 510 467 564 haec
484 509 583 561 dentes
599 505 672 558 acuit
689 502 833 569 timendos,

269 588 384 643 Arbiter
401 601 509 654 pugnae
526 581 648 651 posuisse
666 579 740 631 nudo

303 662 360 717 Sub
377 661 449 731 pede
465 659 584 728 palmam

269 738 378 805 Fertur,
397 741 426 790 et
442 735 498 789 leni
515 747 639 786 recreare
657 731 738 782 vento
768 803 774 815 .
798 802 803 815 1

269 813 399 882 Sparsum
416 807 538 863 odoratis
554 807 698 860 humerum
715 803 827 872 cap1ll1s,

270 888 363 954 Qualis
380 889 428 941 aut
445 886 471 940 N
472 885 546 939 ireus
562 883 616 936 fuit
633 884 681 935 aut
698 894 800 949 aquosa

303 963 410 1033 Raptus
427 960 463 1015 ab
482 959 542 1014 Ida

516 1170 595 1227 XXI.
706 1228 709 1233 .

269 1258 293 1313 0
309 1274 384 1314 urus
400 1276 506 1315 mecum
523 1264 634 1317 consule
652 1264 762 1333 Manlio,

268 1334 322 1389 Seu
340 1341 372 1389 tu
389 1337 514 1405 querelas
532 1338 589 1392 sive
605 1341 678 1407 geris
690 1341 768 1408 jocos

301 1410 356 1464 Seu
372 1412 460 1465 rixam
478 1415 509 1466 et
525 1412 633 1467 insanos
649 1432 755 1469 amores

335 1485 390 1539 Seu
406 1487 521 1555 facilem,
539 1489 585 1555 pia
602 1493 683 1558 testa,
701 1508 833 1563 somnum,
994 1517 995 1540 1

266 1558 431 1629 Quocunque
448 1562 550 1617 lectum
568 1565 676 1619 nomine
694 1566 842 1623 Massicum
958 1585 970 1627 s

264 1633 369 1703 Servus,
386 1638 489 1691 moveri
507 1638 591 1707 digna
607 1640 678 1694 bono
696 1644 749 1707 die,

297 1709 446 1777 Descende,
466 1711 581 1767 Corvino
595 1716 711 1782 jubente

332 1785 460 1841 Promere
477 1789 648 1857 languidiora
664 1794 734 1847 vina
994 1825 995 1876 ᾖ

263 1859 289 1912 N
291 1877 325 1913 ou
342 1862 395 1929 ille,
413 1880 576 1933 quamquam
594 1866 737 1921 Socraticis
756 1873 850 1927 madet
994 1915 995 1946 ,

263 1936 444 2006 Sermonibus,
463 1941 492 1992 te
510 1942 635 2008 negleget
652 1942 793 2000 horridus:
945 1966 963 2003 ιο
994 1961 995 2008 l

295 2012 430 2066 Narratur
448 2018 477 2067 et
493 2016 576 2083 prisci
594 2016 705 2071 Catonis
994 2039 995 2044 ¹

329 2088 415 2155 Saepe
433 2104 508 2142 mero
526 2091 639 2146 caluisse
656 2095 750 2149 virtus.
994 2121 995 2152 l

260 2160 301 2213 Tu
318 2162 380 2215 lene
397 2165 563 2219 tormentum
581 2166 689 2235 ingenio
708 2171 838 2228 admoves
994 2155 995 2186 ¹

260 2236 424 2305 Plerumque
442 2238 526 2304 duro;
543 2244 576 2293 tu
593 2244 756 2310 sapientium

294 2310 379 2365 Guras
397 2315 426 2366 et
442 2328 569 2367 arcanum
583 2316 677 2383 jocoso
940 2354 959 2394 15

327 2386 474 2441 Consilium
494 2392 595 2458 retegis
613 2393 703 2460 Lyaeo
713 2415 721 2459 ;
994 2397 995 2412 *

257 2458 298 2513 'lu
316 2478 391 2529 spem
408 2462 517 2518 reducis
535 2468 670 2522 mentibus
687 2471 775 2524 anxiis

259 2535 399 2605 Viresque,
417 2542 447 2592 et
464 2540 544 2593 addis
561 2558 662 2597 cornua
678 2550 811 2615 pauperi3

290 2611 357 2665 Post
374 2616 403 2665 te
420 2630 510 2682 neque
526 2616 612 2671 iratos
629 2622 759 2675 trementi

323 2687 430 2755 Regum
448 2690 538 2758 apices
555 2709 643 2761 neque
660 2695 777 2751 militum
795 2716 877 2755 arura
936 2716 957 2755 a
994 2681 995 2738 ἶ

254 2761 293 2814 'le
310 2760 394 2815 Liber
411 2766 447 2831 et,
466 2764 489 2817 si
506 2765 579 2821 laeta
596 2769 694 2837 aderit,
713 2772 808 2828 Venus

253 2836 409 2904 Segnesque
426 2838 529 2894 nodum
547 2844 650 2898 solvere
669 2846 780 2903 Gratiae

287 2909 428 2979 Vivaeque
444 2915 597 2979 producent
614 2920 749 2988 lucernae,

322 2984 394 3037 Dum
412 2986 521 3042 rediens
537 2989 615 3056 fugat
631 2998 706 3048 astra
724 2996 858 3058 Phoc-bna
