2025 3409
328 83 532 138 canuruuu
549 84 587 133 11.
605 86 628 145 a,
647 86 670 133 e.

246 170 372 223 Testatur
389 166 571 235 auditumque
588 166 680 220 Medis

280 242 432 313 Hesperiae
450 243 570 297 sonitum
586 243 700 297 ruinael

210 318 265 384 Qui
282 324 448 387 gurges-aut
466 336 538 389 quae
554 320 666 372 flumina
681 317 806 387 lugubris

210 395 313 464 Ignara
330 395 414 450 bellil
432 395 507 463 quod
523 411 600 449 mare
617 395 741 449 Dauniae

246 470 309 525 Non
328 471 517 526 decoloravere
534 471 651 526 caedesl

281 546 357 611 Quae
374 550 452 601 earet
467 563 517 601 ora
532 563 628 601 cruore
644 546 757 601 nostro?

211 622 268 677 Sed
285 639 321 677 ne
338 622 448 691 relictis,
466 622 548 677 Musa
563 636 672 692 procax,
684 621 757 690 jocis

211 698 284 754 (leae
301 702 434 753 retractes
451 713 565 753 munera
581 699 799 773 neniaeffw,
820 695 823 701 ’
855 710 861 732 “

247 774 356 828 Mecum
374 775 496 828 Dionaeo
513 774 566 827 sub
583 778 664 828 antro

281 849 388 915 Quaere
405 850 500 904 modos
518 850 618 905 leuiore
633 850 744 919 plectro.

481 991 522 1045 11.

211 1075 239 1129 N
241 1092 329 1129 nurus
345 1079 458 1143 argento
476 1076 549 1129 color
566 1080 610 1129 eet
626 1076 716 1130 auaris

212 1151 318 1205 Abdita
335 1151 425 1214 terris,
443 1150 552 1205 inimice
568 1151 676 1205 marnae

213 1226 309 1295 Crispo
327 1226 445 1281 Sallusti.
462 1226 516 1280 nisi
532 1231 685 1296 temperato

247 1302 396 1371 Splendeat
413 1318 472 1355 usu.

212 1376 297 1432 Vivet
313 1381 426 1432 extento
445 1377 601 1431 Proculeius
618 1394 685 1431 aevo

213 1452 304 1507 Notus
320 1453 350 1506 in
366 1453 467 1507 iratres
485 1453 569 1507 enimi
586 1454 708 1521 patemi;

213 1527 295 1581 Illum
313 1532 377 1597 aget
394 1544 483 1597 penna
500 1532 641 1583 metuente
658 1529 724 1583 solui

247 1604 332 1657 Fama
350 1608 496 1672 superstes.

212 1678 309 1733 Latina
327 1696 424 1749 regnes
441 1679 552 1734 aridum
570 1680 706 1734 domando

212 1754 353 1828 Spiritum,
371 1768 452 1823 quam
471 1756 494 1809 si
513 1755 627 1824 Libyam
645 1760 757 1811 remotis

212 1830 336 1884 Gadibus
349 1830 450 1899 jungas
467 1834 497 1886 et
513 1834 631 1901 uterque
649 1832 756 1886 Poenus

249 1906 357 1959 Serviat
374 1907 429 1960 uni.

212 1980 319 2035 Crescit
335 1982 479 2051 indulgens
498 1982 550 2036 sibi
568 1982 645 2037 dirus
661 1983 788 2054 hydrops,

212 2056 239 2110 N
241 2073 272 2111 ec
289 2058 363 2111 sitim
380 2058 459 2126 pellit
475 2059 528 2113 nisi
546 2076 627 2113 causa
643 2060 730 2114 morbi

214 2133 329 2200 Fugerit
345 2134 422 2187 renis
440 2137 469 2189 et
486 2130 604 2204 aquosus
623 2135 685 2189 albo

248 2208 367 2277 Corpore
384 2210 504 2277 languor.

214 2283 365 2339 Redditum
384 2286 447 2353 Gyri
466 2286 532 2339 solio
550 2285 686 2340 Phraaten

213 2360 357 2414 Dissidens
374 2360 448 2428 plebi
465 2378 579 2416 numero
596 2362 739 2417 beatorum

214 2436 318 2491 Eximit
335 2436 440 2505 Virtus,
457 2438 642 2508 populumque
658 2439 733 2492 falsis

248 2512 372 2567 Dedocet
388 2512 430 2566 uti

214 2586 342 2655 Vocibus,
359 2603 474 2656 regnum
491 2592 522 2643 ot
539 2589 666 2644 diadema
682 2594 771 2645 tutum

213 2662 347 2717 Delerens
363 2664 412 2717 uni
428 2666 620 2735 propriamque
638 2666 743 2719 laurum

215 2739 344 2807 Quisquis
361 2738 485 2807 ingentes
504 2741 582 2795 oculo
598 2742 731 2796 inretorto

248 2814 361 2884 Spectat
378 2831 493 2871 acervos.

474 2958 532 3013 111.
642 2979 644 2981 ·

216 3042 341 3101 Anouurr
358 3043 497 3094 memento
514 3040 597 3093 rebus
613 3039 643 3095 in
661 3041 754 3093 arduis

216 3117 331 3172 Servare
348 3118 476 3179 mentem,
493 3129 549 3166 non
565 3128 643 3167 secus
659 3112 689 3165 in
704 3112 783 3166 bonis

892 82 923 135 rt
