2025 3409
337 38 542 89 CARMINUM
558 40 582 89 L
600 43 639 91 36.
879 45 912 92 23
985 53 987 104 ἶ

200 123 242 176 At
257 121 354 189 mllgus
371 118 486 173 infidum
504 123 534 174 et
549 120 680 175 meretrix
698 129 774 176 retro
887 141 912 181 rs

200 195 315 264 Perjura
332 195 413 263 cedit,
432 194 579 264 diffugiunt
595 195 670 250 cadis
988 209 989 214 ’

234 271 303 327 Gum
320 272 395 326 faeee
413 271 520 325 siccatis
536 272 622 337 amici,

269 348 354 401 Ferre
368 346 467 415 jugum
483 348 588 415 pariter
605 347 697 402 dolosi.

200 423 298 477 Sernes
315 422 418 476 iturum
437 420 581 476 Caesarem
598 423 627 475 in
644 424 754 477 intimos

200 497 283 552 Orbis
300 498 446 551 Britannos
464 501 492 551 et
506 497 639 566 juvenum
656 514 750 552 reeens
888 512 912 552 ro

235 574 357 627 Examen
375 573 439 627 Eois
456 572 609 626 timendum

269 648 398 703 Partibus
417 647 579 717 Oceanoque
595 648 687 702 rubro.

201 724 279 779 libau
297 723 453 777 eimtrioum
470 727 500 778 et
518 723 627 777 seeleris
643 723 730 792 pudet

202 800 392 867 Fratrumque.
429 798 502 863 Quid
519 815 569 853 nes
587 798 656 852 dura
672 800 820 868 refugimus

237 875 342 928 Aetas?
361 874 428 943 quid
445 874 578 928 intactum
595 874 694 929 nefasti
889 888 913 929 ss

270 950 431 1017 Liquimnsi
452 949 526 1003 unde
543 966 653 1003 manum
666 949 798 1018 juventus

203 1024 281 1078 Metu
299 1025 412 1078 deorum
430 1025 583 1079 eontinniti
600 1024 700 1093 quibua

203 1098 329 1167 Pepereit
346 1100 420 1154 arisi
457 1100 480 1153 0
498 1100 604 1154 utinam
620 1116 690 1153 nova

237 1174 340 1228 Ineuds
358 1174 483 1244 diffingas
500 1179 623 1229 retusum
639 1175 668 1228 in

270 1250 440 1318 Massagetas
459 1250 621 1318 Arabasque
638 1250 757 1306 ferrumi
889 1267 914 1307 re

425 1462 562 1517 xxxvl.-

203 1551 245 1605 Er
261 1550 342 1607 thure
358 1554 387 1606 et
404 1552 505 1605 fidibus
518 1552 600 1621 juvat

238 1626 350 1680 Placere
368 1631 397 1681 et
414 1627 492 1681 vituli
511 1629 641 1697 sangnine
658 1629 752 1685 debito

204 1701 339 1757 Custodes
356 1702 383 1755 N
385 1702 493 1755 mnidae
512 1702 585 1771 deos,

239 1777 291 1840 Qui
308 1793 380 1831 nune
398 1777 534 1845 Hesperia
551 1794 643 1849 sospes
660 1779 695 1832 ab
711 1780 808 1834 ultima

206 1852 282 1907 Caris
299 1852 385 1906 multa
403 1852 548 1920 sodalibus,
904 1868 917 1908 s

239 1926 314 1980 Nulli
331 1926 410 1996 plura
426 1931 519 1982 tamen
536 1927 636 1981 dividit
652 1928 742 1981 osenla

205 2002 292 2067 Quam
310 2001 384 2056 dulei
402 2002 520 2070 Lamiae,
538 2018 642 2055 memor

240 2077 328 2131 Actae
345 2093 399 2131 non
416 2078 468 2131 alio
486 2094 552 2146 rege
568 2079 693 2147 puertiae

205 2152 384 2222 Mutataeque
402 2153 481 2207 simul
499 2156 587 2221 togae.

240 2225 336 2281 Cressa
352 2244 388 2281 ne
406 2231 496 2282 eareat
513 2228 628 2296 pulchra
644 2228 704 2282 dies
720 2233 792 2297 nota,
894 2245 915 2284 n

204 2302 231 2357 N
233 2318 268 2355 eu
284 2308 425 2372 promptae
443 2302 540 2357 modus
557 2305 709 2371 amphorae,

239 2378 301 2431 Neu
318 2394 422 2432 morem
439 2379 467 2431 in
486 2378 589 2432 Salium
608 2379 645 2433 sit
661 2380 770 2447 requies
786 2378 895 2447 pedum,

205 2453 268 2507 Neu
284 2453 363 2508 multi
382 2454 503 2508 Damalis
522 2455 590 2507 meri

240 2528 354 2582 Bassum
373 2529 497 2583 Threicia
515 2530 606 2583 vineat
623 2528 762 2597 amystide,

204 2603 230 2657 N
233 2620 267 2656 eu
285 2603 375 2658 desint
393 2604 479 2673 epulis
497 2621 582 2672 rosae,
893 2618 915 2658 ιε

238 2678 302 2732 Neu
318 2680 398 2733 vivax
416 2680 516 2747 apium,
533 2697 588 2733 neu
605 2679 688 2733 breve
705 2679 797 2733 lilium.

204 2751 306 2807 Omnes
322 2754 352 2807 in
371 2754 496 2808 Damalin
514 2759 609 2822 putres

239 2828 384 2895 Deponent
401 2829 498 2895 oeulos,
517 2845 567 2882 nee
585 2828 706 2882 Damalis
722 2844 792 2882 novo

204 2901 356 2956 Divelletur
373 2902 504 2970 adultero,

238 2977 359 3031 Lascivis
376 2976 485 3031 hederis
502 2976 676 3034 ambitiosior.
890 2987 914 3024 ae
