<?xml version="1.0" encoding="UTF-8"?>
<!DOCTYPE html PUBLIC "-//W3C//DTD XHTML 1.0 Transitional//EN"
    "http://www.w3.org/TR/xhtml1/DTD/xhtml1-transitional.dtd">
<html xmlns="http://www.w3.org/1999/xhtml" xml:lang="en" lang="en">
 <head>
  <title>
</title>
<meta http-equiv="Content-Type" content="text/html;charset=utf-8" />
  <meta name='ocr-system' content='tesseract 3.04.00' />
  <meta name='ocr-capabilities' content='ocr_page ocr_carea ocr_par ocr_line ocrx_word'/>
</head>
<body>
  <div class='ocr_page' id='page_1' title='image "./quintihoratiifl02maclgoog_0035.png"; bbox 0 0 2025 3409; ppageno 0'>
   <div class='ocr_carea' id='block_1_1' title="bbox 278 66 910 129">
    <p class='ocr_par' dir='ltr' id='par_1_1' title="bbox 278 66 910 129">
     <span class='ocr_line' id='line_1_1' title="bbox 278 66 910 129; baseline 0.003 -15"><span class='ocrx_word' id='word_1_1' title='bbox 278 66 484 118; x_wconf 77' lang='grc'><strong>00000000</strong></span> <span class='ocrx_word' id='word_1_2' title='bbox 501 66 524 117; x_wconf 88' lang='lat'>1.</span> <span class='ocrx_word' id='word_1_3' title='bbox 542 68 582 128; x_wconf 81' lang='lat' dir='ltr'>aa,</span> <span class='ocrx_word' id='word_1_4' title='bbox 601 69 640 129; x_wconf 77' lang='lat' dir='ltr'>aa,</span> <span class='ocrx_word' id='word_1_5' title='bbox 659 70 698 119; x_wconf 73' lang='lat' dir='ltr'>aa.</span> <span class='ocrx_word' id='word_1_6' title='bbox 879 68 910 116; x_wconf 79' lang='lat' dir='ltr'>ar</span> 
     </span>
    </p>
   </div>
   <div class='ocr_carea' id='block_1_2' title="bbox 428 212 554 267">
    <p class='ocr_par' dir='ltr' id='par_1_2' title="bbox 428 212 554 267">
     <span class='ocr_line' id='line_1_2' title="bbox 428 212 554 267; baseline 0 0"><span class='ocrx_word' id='word_1_7' title='bbox 428 212 554 267; x_wconf 88' lang='lat' dir='ltr'>XXXII.</span> 
     </span>
    </p>
   </div>
   <div class='ocr_carea' id='block_1_3' title="bbox 198 295 914 1482">
    <p class='ocr_par' dir='ltr' id='par_1_3' title="bbox 198 295 914 1482">
     <span class='ocr_line' id='line_1_3' title="bbox 199 295 777 365; baseline 0.003 -16"><span class='ocrx_word' id='word_1_8' title='bbox 199 295 348 350; x_wconf 82' lang='lat' dir='ltr'>Poscruon.</span> <span class='ocrx_word' id='word_1_9' title='bbox 384 295 413 351; x_wconf 81' lang='lat' dir='ltr'>si</span> <span class='ocrx_word' id='word_1_10' title='bbox 432 295 499 365; x_wconf 88' lang='lat' dir='ltr'>quid</span> <span class='ocrx_word' id='word_1_11' title='bbox 516 295 594 350; x_wconf 82' lang='lat' dir='ltr'>vacui</span> <span class='ocrx_word' id='word_1_12' title='bbox 611 295 662 351; x_wconf 91' lang='lat' dir='ltr'>sub</span> <span class='ocrx_word' id='word_1_13' title='bbox 679 295 777 351; x_wconf 87' lang='lat' dir='ltr'>umbra</span> 
     </span>
     <span class='ocr_line' id='line_1_4' title="bbox 199 370 825 440; baseline 0.006 -16"><span class='ocrx_word' id='word_1_14' title='bbox 199 370 327 425; x_wconf 87' lang='lat' dir='ltr'>Lusimus</span> <span class='ocrx_word' id='word_1_15' title='bbox 344 375 435 425; x_wconf 88' lang='lat' dir='ltr'>tecum</span> <span class='ocrx_word' id='word_1_16' title='bbox 453 371 528 440; x_wconf 88' lang='lat' dir='ltr'>quod</span> <span class='ocrx_word' id='word_1_17' title='bbox 544 375 576 426; x_wconf 90' lang='lat' dir='ltr'>et</span> <span class='ocrx_word' id='word_1_18' title='bbox 592 371 663 425; x_wconf 92' lang='lat' dir='ltr'>bunc</span> <span class='ocrx_word' id='word_1_19' title='bbox 679 372 708 425; x_wconf 91' lang='lat' dir='ltr'>iu</span> <span class='ocrx_word' id='word_1_20' title='bbox 726 388 825 428; x_wconf 84' lang='lat' dir='ltr'>annum</span> 
     </span>
     <span class='ocr_line' id='line_1_5' title="bbox 199 446 734 516; baseline 0.002 -15"><span class='ocrx_word' id='word_1_21' title='bbox 199 446 285 501; x_wconf 84' lang='lat' dir='ltr'>Vivat</span> <span class='ocrx_word' id='word_1_22' title='bbox 301 450 331 501; x_wconf 86' lang='lat' dir='ltr'>et</span> <span class='ocrx_word' id='word_1_23' title='bbox 347 447 448 516; x_wconf 88' lang='lat' dir='ltr'>plures,</span> <span class='ocrx_word' id='word_1_24' title='bbox 465 463 518 515; x_wconf 84' lang='lat' dir='ltr'>age</span> <span class='ocrx_word' id='word_1_25' title='bbox 535 447 581 502; x_wconf 91' lang='lat' dir='ltr'>dic</span> <span class='ocrx_word' id='word_1_26' title='bbox 598 446 734 515; x_wconf 73' lang='lat' dir='ltr'>latinum,</span> 
     </span>
     <span class='ocr_line' id='line_1_6' title="bbox 234 521 491 589; baseline 0 -12"><span class='ocrx_word' id='word_1_27' title='bbox 234 521 356 589; x_wconf 84' lang='lat' dir='ltr'>Barbite,</span> <span class='ocrx_word' id='word_1_28' title='bbox 375 539 491 589; x_wconf 88' lang='lat' dir='ltr'>carmen,</span> 
     </span>
     <span class='ocr_line' id='line_1_7' title="bbox 198 597 914 667; baseline 0.01 -16"><span class='ocrx_word' id='word_1_29' title='bbox 198 597 299 653; x_wconf 91' lang='lat' dir='ltr'>Lesbio</span> <span class='ocrx_word' id='word_1_30' title='bbox 316 599 435 667; x_wconf 90' lang='lat' dir='ltr'>primum</span> <span class='ocrx_word' id='word_1_31' title='bbox 452 598 592 653; x_wconf 89' lang='lat' dir='ltr'>modulate</span> <span class='ocrx_word' id='word_1_32' title='bbox 609 598 669 667; x_wconf 87' lang='lat' dir='ltr'>civi,</span> <span class='ocrx_word' id='word_1_33' title='bbox 900 615 914 658; x_wconf 78' lang='lat' dir='ltr'>t</span> 
     </span>
     <span class='ocr_line' id='line_1_8' title="bbox 200 673 739 743; baseline 0.002 -16"><span class='ocrx_word' id='word_1_34' title='bbox 200 674 254 737; x_wconf 83' lang='lat' dir='ltr'>Qui</span> <span class='ocrx_word' id='word_1_35' title='bbox 271 673 350 727; x_wconf 83' lang='lat' dir='ltr'>ferox</span> <span class='ocrx_word' id='word_1_36' title='bbox 367 673 440 727; x_wconf 89' lang='lat' dir='ltr'>bello</span> <span class='ocrx_word' id='word_1_37' title='bbox 456 677 551 728; x_wconf 87' lang='lat' dir='ltr'>tamen</span> <span class='ocrx_word' id='word_1_38' title='bbox 567 674 641 728; x_wconf 85' lang='lat' dir='ltr'>iuter</span> <span class='ocrx_word' id='word_1_39' title='bbox 656 692 739 743; x_wconf 81' lang='lat' dir='ltr'>arma,</span> 
     </span>
     <span class='ocr_line' id='line_1_9' title="bbox 198 748 630 817; baseline 0 -14"><span class='ocrx_word' id='word_1_40' title='bbox 198 748 263 803; x_wconf 81' lang='lat' dir='ltr'>Sive</span> <span class='ocrx_word' id='word_1_41' title='bbox 276 748 409 817; x_wconf 87' lang='lat' dir='ltr'>jactatam</span> <span class='ocrx_word' id='word_1_42' title='bbox 427 748 558 817; x_wconf 76' lang='lat' dir='ltr'><strong>religarat</strong></span> <span class='ocrx_word' id='word_1_43' title='bbox 574 749 630 803; x_wconf 91' lang='lat' dir='ltr'>udo</span> 
     </span>
     <span class='ocr_line' id='line_1_10' title="bbox 234 822 444 891; baseline 0 -14"><span class='ocrx_word' id='word_1_44' title='bbox 234 824 328 878; x_wconf 82' lang='lat' dir='ltr'>Litore</span> <span class='ocrx_word' id='word_1_45' title='bbox 345 822 444 891; x_wconf 82' lang='lat' dir='ltr'><strong>navim,</strong></span> 
     </span>
     <span class='ocr_line' id='line_1_11' title="bbox 198 898 798 969; baseline 0.003 -16"><span class='ocrx_word' id='word_1_46' title='bbox 198 898 329 953; x_wconf 91' lang='lat' dir='ltr'>Liberum</span> <span class='ocrx_word' id='word_1_47' title='bbox 347 903 377 954; x_wconf 90' lang='lat' dir='ltr'>et</span> <span class='ocrx_word' id='word_1_48' title='bbox 394 899 488 953; x_wconf 85' lang='lat' dir='ltr'>Musas</span> <span class='ocrx_word' id='word_1_49' title='bbox 505 899 696 969; x_wconf 78' lang='lat' dir='ltr'>Veneremque</span> <span class='ocrx_word' id='word_1_50' title='bbox 712 902 743 955; x_wconf 84' lang='grc'>00</span> <span class='ocrx_word' id='word_1_51' title='bbox 758 900 798 955; x_wconf 91' lang='lat' dir='ltr'>illi</span> 
     </span>
     <span class='ocr_line' id='line_1_12' title="bbox 200 974 756 1044; baseline 0.002 -15"><span class='ocrx_word' id='word_1_52' title='bbox 200 975 315 1044; x_wconf 82' lang='lat' dir='ltr'>Semper</span> <span class='ocrx_word' id='word_1_53' title='bbox 331 975 489 1030; x_wconf 88' lang='lat' dir='ltr'>haerentem</span> <span class='ocrx_word' id='word_1_54' title='bbox 507 992 623 1043; x_wconf 87' lang='lat' dir='ltr'>puerum</span> <span class='ocrx_word' id='word_1_55' title='bbox 640 974 756 1030; x_wconf 79' lang='lat' dir='ltr'>canebat</span> 
     </span>
     <span class='ocr_line' id='line_1_13' title="bbox 199 1050 710 1119; baseline 0 -14"><span class='ocrx_word' id='word_1_56' title='bbox 199 1051 237 1105; x_wconf 80' lang='lat' dir='ltr'>ut</span> <span class='ocrx_word' id='word_1_57' title='bbox 255 1051 356 1119; x_wconf 81' lang='lat' dir='ltr'><strong>Lycum</strong></span> <span class='ocrx_word' id='word_1_58' title='bbox 373 1050 459 1118; x_wconf 79' lang='lat' dir='ltr'>nigris</span> <span class='ocrx_word' id='word_1_59' title='bbox 476 1051 561 1105; x_wconf 79' lang='lat' dir='ltr'>ocuIIs</span> <span class='ocrx_word' id='word_1_60' title='bbox 577 1052 710 1119; x_wconf 76' lang='lat' dir='ltr'>nigroque</span> 
     </span>
     <span class='ocr_line' id='line_1_14' title="bbox 236 1126 471 1181; baseline -0.009 0"><span class='ocrx_word' id='word_1_61' title='bbox 236 1126 318 1181; x_wconf 78' lang='lat' dir='ltr'>Crine</span> <span class='ocrx_word' id='word_1_62' title='bbox 335 1126 471 1180; x_wconf 89' lang='lat' dir='ltr'>decorum.</span> 
     </span>
     <span class='ocr_line' id='line_1_15' title="bbox 200 1200 764 1271; baseline 0 -14"><span class='ocrx_word' id='word_1_63' title='bbox 200 1200 225 1257; x_wconf 92' lang='grc' dir='ltr'>Ο</span> <span class='ocrx_word' id='word_1_64' title='bbox 243 1201 326 1256; x_wconf 89' lang='lat' dir='ltr'>decus</span> <span class='ocrx_word' id='word_1_65' title='bbox 344 1201 448 1255; x_wconf 89' lang='lat' dir='ltr'>Phoebi</span> <span class='ocrx_word' id='word_1_66' title='bbox 466 1205 495 1255; x_wconf 88' lang='lat' dir='ltr'>et</span> <span class='ocrx_word' id='word_1_67' title='bbox 513 1201 629 1271; x_wconf 80' lang='lat' dir='ltr'><strong>dapibus</strong></span> <span class='ocrx_word' id='word_1_68' title='bbox 646 1203 764 1271; x_wconf 80' lang='lat' dir='ltr'>supremi</span> 
     </span>
     <span class='ocr_line' id='line_1_16' title="bbox 199 1276 691 1344; baseline 0 -13"><span class='ocrx_word' id='word_1_69' title='bbox 199 1278 287 1331; x_wconf 88' lang='lat' dir='ltr'>Grata</span> <span class='ocrx_word' id='word_1_70' title='bbox 302 1276 415 1331; x_wconf 88' lang='lat' dir='ltr'>testudo</span> <span class='ocrx_word' id='word_1_71' title='bbox 431 1277 451 1329; x_wconf 87' lang='lat' dir='ltr'>J</span> <span class='ocrx_word' id='word_1_72' title='bbox 452 1276 517 1344; x_wconf 85' lang='lat' dir='ltr'>ovis,</span> <span class='ocrx_word' id='word_1_73' title='bbox 534 1294 551 1330; x_wconf 94' lang='lat' dir='ltr'>o</span> <span class='ocrx_word' id='word_1_74' title='bbox 567 1277 691 1331; x_wconf 88' lang='lat' dir='ltr'>laborum</span> 
     </span>
     <span class='ocr_line' id='line_1_17' title="bbox 199 1352 740 1423; baseline -0.002 -15"><span class='ocrx_word' id='word_1_75' title='bbox 199 1352 287 1408; x_wconf 85' lang='lat' dir='ltr'>Dulce</span> <span class='ocrx_word' id='word_1_76' title='bbox 304 1352 431 1420; x_wconf 88' lang='lat' dir='ltr'>lenimen,</span> <span class='ocrx_word' id='word_1_77' title='bbox 448 1352 516 1406; x_wconf 87' lang='lat' dir='ltr'>mihi</span> <span class='ocrx_word' id='word_1_78' title='bbox 533 1368 649 1423; x_wconf 88' lang='lat' dir='ltr'>cumque</span> <span class='ocrx_word' id='word_1_79' title='bbox 667 1352 740 1408; x_wconf 79' lang='lat' dir='ltr'>salve</span> 
     </span>
     <span class='ocr_line' id='line_1_18' title="bbox 234 1427 432 1482; baseline 0.005 -1"><span class='ocrx_word' id='word_1_80' title='bbox 234 1427 300 1482; x_wconf 79' lang='lat' dir='ltr'>Rite</span> <span class='ocrx_word' id='word_1_81' title='bbox 318 1428 432 1482; x_wconf 82' lang='lat' dir='ltr'>vocanti.</span> 
     </span>
    </p>
   </div>
   <div class='ocr_carea' id='block_1_4' title="bbox 419 1569 561 1625">
    <p class='ocr_par' dir='ltr' id='par_1_4' title="bbox 419 1569 561 1625">
     <span class='ocr_line' id='line_1_19' title="bbox 419 1569 561 1625; baseline 0.007 -1"><span class='ocrx_word' id='word_1_82' title='bbox 419 1569 561 1625; x_wconf 89' lang='lat' dir='ltr'>XXXIII.</span> 
     </span>
    </p>
   </div>
   <div class='ocr_carea' id='block_1_5' title="bbox 200 1653 786 2551">
    <p class='ocr_par' dir='ltr' id='par_1_5' title="bbox 201 1653 744 1723">
     <span class='ocr_line' id='line_1_20' title="bbox 201 1653 744 1723; baseline 0.002 -14"><span class='ocrx_word' id='word_1_83' title='bbox 201 1658 283 1722; x_wconf 74' lang='lat' dir='ltr'>Acar,</span> <span class='ocrx_word' id='word_1_84' title='bbox 300 1670 335 1709; x_wconf 90' lang='lat' dir='ltr'>ne</span> <span class='ocrx_word' id='word_1_85' title='bbox 353 1654 446 1709; x_wconf 84' lang='lat' dir='ltr'>doleas</span> <span class='ocrx_word' id='word_1_86' title='bbox 462 1654 525 1723; x_wconf 83' lang='lat' dir='ltr'>plus</span> <span class='ocrx_word' id='word_1_87' title='bbox 540 1653 624 1709; x_wconf 91' lang='lat' dir='ltr'>nimio</span> <span class='ocrx_word' id='word_1_88' title='bbox 640 1670 744 1710; x_wconf 92' lang='lat' dir='ltr'>memor</span> 
     </span>
    </p>

    <p class='ocr_par' dir='ltr' id='par_1_6' title="bbox 200 1729 731 1799">
     <span class='ocr_line' id='line_1_21' title="bbox 200 1729 731 1799; baseline 0.002 -14"><span class='ocrx_word' id='word_1_89' title='bbox 200 1731 319 1785; x_wconf 85' lang='lat' dir='ltr'>immitis</span> <span class='ocrx_word' id='word_1_90' title='bbox 337 1730 475 1799; x_wconf 81' lang='lat' dir='ltr'>Glycerae,</span> <span class='ocrx_word' id='word_1_91' title='bbox 491 1745 546 1784; x_wconf 88' lang='lat' dir='ltr'>neu</span> <span class='ocrx_word' id='word_1_92' title='bbox 563 1729 731 1786; x_wconf 76' lang='lat' dir='ltr'>miserabiles</span> 
     </span>
    </p>

    <p class='ocr_par' dir='ltr' id='par_1_7' title="bbox 200 1805 689 1949">
     <span class='ocr_line' id='line_1_22' title="bbox 200 1805 689 1873; baseline -0.002 -13"><span class='ocrx_word' id='word_1_93' title='bbox 200 1805 337 1860; x_wconf 84' lang='lat' dir='ltr'>Decantes</span> <span class='ocrx_word' id='word_1_94' title='bbox 354 1806 445 1873; x_wconf 81' lang='lat' dir='ltr'>elegos</span> <span class='ocrx_word' id='word_1_95' title='bbox 462 1805 582 1859; x_wconf 84' lang='lat' dir='ltr'>our-tibi</span> <span class='ocrx_word' id='word_1_96' title='bbox 594 1805 689 1873; x_wconf 89' lang='lat' dir='ltr'>junior</span> 
     </span>
     <span class='ocr_line' id='line_1_23' title="bbox 234 1880 571 1949; baseline 0.003 -15"><span class='ocrx_word' id='word_1_97' title='bbox 234 1880 321 1937; x_wconf 88' lang='lat' dir='ltr'>Laesa</span> <span class='ocrx_word' id='word_1_98' title='bbox 338 1881 491 1949; x_wconf 76' lang='lat' dir='ltr'>praeniteat</span> <span class='ocrx_word' id='word_1_99' title='bbox 509 1880 571 1935; x_wconf 85' lang='lat' dir='ltr'>fide.</span> 
     </span>
    </p>

    <p class='ocr_par' dir='ltr' id='par_1_8' title="bbox 200 1954 691 2025">
     <span class='ocr_line' id='line_1_24' title="bbox 200 1954 691 2025; baseline -0.002 -14"><span class='ocrx_word' id='word_1_100' title='bbox 200 1956 340 2025; x_wconf 83' lang='lat' dir='ltr'>Insignem</span> <span class='ocrx_word' id='word_1_101' title='bbox 356 1956 434 2011; x_wconf 87' lang='lat' dir='ltr'>tenui</span> <span class='ocrx_word' id='word_1_102' title='bbox 450 1955 541 2010; x_wconf 86' lang='lat' dir='ltr'>fronte</span> <span class='ocrx_word' id='word_1_103' title='bbox 559 1954 691 2023; x_wconf 77' lang='lat' dir='ltr'>Lycoride</span> 
     </span>
    </p>

    <p class='ocr_par' dir='ltr' id='par_1_9' title="bbox 201 2032 762 2100">
     <span class='ocr_line' id='line_1_25' title="bbox 201 2032 762 2100; baseline 0.002 -14"><span class='ocrx_word' id='word_1_104' title='bbox 201 2032 265 2100; x_wconf 70' lang='lat' dir='ltr'>Gyri</span> <span class='ocrx_word' id='word_1_105' title='bbox 282 2035 371 2086; x_wconf 83' lang='lat' dir='ltr'>torret</span> <span class='ocrx_word' id='word_1_106' title='bbox 387 2046 471 2099; x_wconf 84' lang='lat' dir='ltr'>amor,</span> <span class='ocrx_word' id='word_1_107' title='bbox 491 2032 577 2098; x_wconf 81' lang='lat' dir='ltr'>Cyrus</span> <span class='ocrx_word' id='word_1_108' title='bbox 593 2032 623 2084; x_wconf 92' lang='lat' dir='ltr'>in</span> <span class='ocrx_word' id='word_1_109' title='bbox 639 2048 762 2100; x_wconf 79' lang='lat' dir='ltr'>asperam</span> 
     </span>
    </p>

    <p class='ocr_par' dir='ltr' id='par_1_10' title="bbox 200 2106 759 2251">
     <span class='ocr_line' id='line_1_26' title="bbox 200 2106 759 2176; baseline -0.002 -14"><span class='ocrx_word' id='word_1_110' title='bbox 200 2106 328 2162; x_wconf 84' lang='lat' dir='ltr'>Declinat</span> <span class='ocrx_word' id='word_1_111' title='bbox 346 2107 483 2172; x_wconf 69' lang='lat' dir='ltr'>Pholoen3</span> <span class='ocrx_word' id='word_1_112' title='bbox 501 2106 552 2160; x_wconf 86' lang='lat' dir='ltr'>sed</span> <span class='ocrx_word' id='word_1_113' title='bbox 567 2106 644 2175; x_wconf 89' lang='lat' dir='ltr'>prius</span> <span class='ocrx_word' id='word_1_114' title='bbox 661 2108 759 2176; x_wconf 85' lang='lat' dir='ltr'>Apulis</span> 
     </span>
     <span class='ocr_line' id='line_1_27' title="bbox 234 2182 611 2251; baseline 0 -15"><span class='ocrx_word' id='word_1_115' title='bbox 234 2184 391 2251; x_wconf 74' lang='lat' dir='ltr'>Iungentur</span> <span class='ocrx_word' id='word_1_116' title='bbox 409 2198 523 2251; x_wconf 87' lang='lat' dir='ltr'>capreae</span> <span class='ocrx_word' id='word_1_117' title='bbox 540 2182 611 2250; x_wconf 88' lang='lat' dir='ltr'>lupis</span> 
     </span>
    </p>

    <p class='ocr_par' dir='ltr' id='par_1_11' title="bbox 201 2257 758 2326">
     <span class='ocr_line' id='line_1_28' title="bbox 201 2257 758 2326; baseline -0.002 -12"><span class='ocrx_word' id='word_1_118' title='bbox 201 2258 288 2323; x_wconf 81' lang='lat' dir='ltr'>Quam</span> <span class='ocrx_word' id='word_1_119' title='bbox 307 2259 379 2325; x_wconf 80' lang='lat' dir='ltr'>turpi</span> <span class='ocrx_word' id='word_1_120' title='bbox 398 2258 499 2311; x_wconf 71' lang='lat' dir='ltr'>Pholoe</span> <span class='ocrx_word' id='word_1_121' title='bbox 517 2261 611 2326; x_wconf 88' lang='lat' dir='ltr'>peccet</span> <span class='ocrx_word' id='word_1_122' title='bbox 627 2257 758 2313; x_wconf 89' lang='lat' dir='ltr'>adultero.</span> 
     </span>
    </p>

    <p class='ocr_par' dir='ltr' id='par_1_12' title="bbox 201 2332 785 2402">
     <span class='ocr_line' id='line_1_29' title="bbox 201 2332 785 2402; baseline -0.002 -13"><span class='ocrx_word' id='word_1_123' title='bbox 201 2334 246 2389; x_wconf 81' lang='lat' dir='ltr'>Sic</span> <span class='ocrx_word' id='word_1_124' title='bbox 262 2334 350 2389; x_wconf 82' lang='lat' dir='ltr'>visum</span> <span class='ocrx_word' id='word_1_125' title='bbox 371 2334 480 2400; x_wconf 87' lang='lat' dir='ltr'>Veneri,</span> <span class='ocrx_word' id='word_1_126' title='bbox 499 2332 543 2387; x_wconf 91' lang='lat' dir='ltr'>cui</span> <span class='ocrx_word' id='word_1_127' title='bbox 560 2333 650 2402; x_wconf 88' lang='lat' dir='ltr'>placet</span> <span class='ocrx_word' id='word_1_128' title='bbox 666 2335 785 2402; x_wconf 87' lang='lat' dir='ltr'>impares</span> 
     </span>
    </p>

    <p class='ocr_par' dir='ltr' id='par_1_13' title="bbox 200 2407 786 2551">
     <span class='ocr_line' id='line_1_30' title="bbox 200 2407 786 2479; baseline -0.005 -14"><span class='ocrx_word' id='word_1_129' title='bbox 200 2408 314 2465; x_wconf 83' lang='lat' dir='ltr'>Formas</span> <span class='ocrx_word' id='word_1_130' title='bbox 330 2413 414 2479; x_wconf 86' lang='lat' dir='ltr'>atque</span> <span class='ocrx_word' id='word_1_131' title='bbox 430 2409 535 2471; x_wconf 83' lang='lat' dir='ltr'>animos</span> <span class='ocrx_word' id='word_1_132' title='bbox 552 2407 685 2477; x_wconf 87' lang='lat' dir='ltr'>subjuga</span> <span class='ocrx_word' id='word_1_133' title='bbox 701 2413 786 2463; x_wconf 69' lang='lat' dir='ltr'>aenea</span> 
     </span>
     <span class='ocr_line' id='line_1_31' title="bbox 234 2482 612 2551; baseline -0.005 -12"><span class='ocrx_word' id='word_1_134' title='bbox 234 2485 320 2539; x_wconf 78' lang='lat' dir='ltr'>Saevo</span> <span class='ocrx_word' id='word_1_135' title='bbox 338 2485 449 2539; x_wconf 87' lang='lat' dir='ltr'>mittere</span> <span class='ocrx_word' id='word_1_136' title='bbox 466 2500 528 2537; x_wconf 89' lang='lat' dir='ltr'>cum</span> <span class='ocrx_word' id='word_1_137' title='bbox 541 2482 612 2551; x_wconf 90' lang='lat' dir='ltr'>joco.</span> 
     </span>
    </p>
   </div>
   <div class='ocr_carea' id='block_1_6' title="bbox 192 2554 803 2843">
    <p class='ocr_par' dir='ltr' id='par_1_14' title="bbox 192 2554 803 2629">
     <span class='ocr_line' id='line_1_32' title="bbox 192 2554 803 2629; baseline -0.003 -15"><span class='ocrx_word' id='word_1_138' title='bbox 192 2554 296 2629; x_wconf 83' lang='lat' dir='ltr'>&#39;Ipsum</span> <span class='ocrx_word' id='word_1_139' title='bbox 312 2577 363 2628; x_wconf 90' lang='lat' dir='ltr'>me,</span> <span class='ocrx_word' id='word_1_140' title='bbox 382 2560 477 2614; x_wconf 88' lang='lat' dir='ltr'>melior</span> <span class='ocrx_word' id='word_1_141' title='bbox 495 2576 557 2615; x_wconf 91' lang='lat' dir='ltr'>cum</span> <span class='ocrx_word' id='word_1_142' title='bbox 574 2562 682 2628; x_wconf 87' lang='lat' dir='ltr'>peteret</span> <span class='ocrx_word' id='word_1_143' title='bbox 702 2558 803 2626; x_wconf 91' lang='lat' dir='ltr'>Venus,</span> 
     </span>
    </p>

    <p class='ocr_par' dir='ltr' id='par_1_15' title="bbox 201 2634 707 2703">
     <span class='ocr_line' id='line_1_33' title="bbox 201 2634 707 2703; baseline -0.006 -12"><span class='ocrx_word' id='word_1_144' title='bbox 201 2636 287 2691; x_wconf 79' lang='lat' dir='ltr'>Grata</span> <span class='ocrx_word' id='word_1_145' title='bbox 304 2636 423 2691; x_wconf 82' lang='lat' dir='ltr'>detinuit</span> <span class='ocrx_word' id='word_1_146' title='bbox 440 2634 571 2703; x_wconf 84' lang='lat' dir='ltr'>compede</span> <span class='ocrx_word' id='word_1_147' title='bbox 589 2634 707 2702; x_wconf 75' lang='lat' dir='ltr'>Myrtale</span> 
     </span>
    </p>

    <p class='ocr_par' dir='ltr' id='par_1_16' title="bbox 200 2710 690 2843">
     <span class='ocr_line' id='line_1_34' title="bbox 200 2710 690 2780; baseline -0.008 -14"><span class='ocrx_word' id='word_1_148' title='bbox 200 2710 348 2780; x_wconf 72' lang='lat' dir='ltr'>Libertina</span> <span class='ocrx_word' id='word_1_149' title='bbox 365 2711 444 2766; x_wconf 86' lang='lat' dir='ltr'>fretis</span> <span class='ocrx_word' id='word_1_150' title='bbox 461 2711 549 2765; x_wconf 66' lang='lat' dir='ltr'>aer-ior</span> <span class='ocrx_word' id='word_1_151' title='bbox 567 2710 690 2764; x_wconf 88' lang='lat' dir='ltr'>Hadriae</span> 
     </span>
     <span class='ocr_line' id='line_1_35' title="bbox 234 2784 626 2843; baseline -0.008 0"><span class='ocrx_word' id='word_1_152' title='bbox 234 2787 380 2843; x_wconf 75' lang='lat' dir='ltr'>Currantis</span> <span class='ocrx_word' id='word_1_153' title='bbox 398 2785 529 2841; x_wconf 78' lang='lat' dir='ltr'>Calabros</span> <span class='ocrx_word' id='word_1_154' title='bbox 546 2784 626 2840; x_wconf 79' lang='lat' dir='ltr'>sinus</span> 
     </span>
    </p>
   </div>
   <div class='ocr_carea' id='block_1_7' title="bbox 423 2928 557 2982">
    <p class='ocr_par' dir='ltr' id='par_1_17' title="bbox 423 2928 557 2982">
     <span class='ocr_line' id='line_1_36' title="bbox 423 2928 557 2982; baseline -0.007 0"><span class='ocrx_word' id='word_1_155' title='bbox 423 2928 557 2982; x_wconf 76' lang='lat' dir='ltr'>XXXIV.</span> 
     </span>
    </p>
   </div>
   <div class='ocr_carea' id='block_1_8' title="bbox 199 3006 771 3148">
    <p class='ocr_par' dir='ltr' id='par_1_18' title="bbox 199 3006 771 3148">
     <span class='ocr_line' id='line_1_37' title="bbox 199 3006 771 3074; baseline -0.016 -7"><span class='ocrx_word' id='word_1_156' title='bbox 199 3012 311 3067; x_wconf 73' lang='lat' dir='ltr'>Paucos</span> <span class='ocrx_word' id='word_1_157' title='bbox 329 3012 443 3066; x_wconf 87' lang='lat' dir='ltr'>deorum</span> <span class='ocrx_word' id='word_1_158' title='bbox 461 3010 550 3062; x_wconf 83' lang='lat' dir='ltr'>cultor</span> <span class='ocrx_word' id='word_1_159' title='bbox 567 3012 596 3060; x_wconf 89' lang='grc'>00</span> <span class='ocrx_word' id='word_1_160' title='bbox 613 3006 771 3074; x_wconf 84' lang='lat' dir='ltr'>inlrcqucns</span> 
     </span>
     <span class='ocr_line' id='line_1_38' title="bbox 200 3080 618 3148; baseline -0.029 -5"><span class='ocrx_word' id='word_1_161' title='bbox 200 3085 367 3143; x_wconf 83' lang='lat' dir='ltr'>Insanicntis</span> <span class='ocrx_word' id='word_1_162' title='bbox 384 3084 451 3138; x_wconf 89' lang='lat' dir='ltr'>dum</span> <span class='ocrx_word' id='word_1_163' title='bbox 468 3080 618 3148; x_wconf 84' lang='lat' dir='ltr'>sapientiae</span> 
     </span>
    </p>
   </div>
   <div class='ocr_carea' id='block_1_9' title="bbox 0 0 1018 3409">
    <p class='ocr_par' dir='ltr' id='par_1_19' title="bbox 0 0 1018 3409">
     <span class='ocr_line' id='line_1_39' title="bbox 0 0 1018 3409; baseline 0 0"><span class='ocrx_word' id='word_1_164' title='bbox 0 0 1018 3409; x_wconf 95' lang='lat' dir='ltr'> </span> 
     </span>
    </p>
   </div>
  </div>
 </body>
</html>
