2025 3409
306 52 451 101 EPODON
468 54 586 114 LIBER,
608 54 644 105 17.
857 57 899 107 101

116 132 225 186 Reddit
241 130 291 185 ubi
309 132 438 186 Cererem
455 134 537 187 tellus
555 134 662 188 inarata
680 136 825 204 quotannis

153 207 192 260 Et
209 208 346 274 imputata
364 206 550 276 donatusque
568 209 656 276 vinca,

114 281 263 335 Germinat
281 286 311 336 ct
327 298 466 350 nunquam
482 283 602 336 fallentis
619 287 720 337 termes
738 285 830 351 olivae,
880 302 901 338 r.

152 358 292 426 Suamque
310 358 385 423 pulla
402 358 469 411 ficus
487 363 567 411 ornat
581 358 714 426 arborem,

115 432 204 486 Mella
222 450 289 486 aava
305 438 418 487 manant
435 450 470 487 ex
486 433 557 501 ilice,
575 434 713 488 montibus
731 434 777 489 alt‘

50 562 59 569 ,
151 507 235 560 Levis
253 511 382 575 crepante
399 508 509 577 lympha
528 508 621 562 desilit
638 509 717 578 pede.

117 582 180 635 illic
197 583 318 651 injussus
336 584 450 637 veniunt
467 583 504 638 ad
522 584 639 638 mulctra
655 584 779 653 capellae,

152 657 307 727 Refertque
324 663 403 713 teuta
419 675 488 726 grex
505 660 608 713 amicus
625 659 727 724 ubera3
882 675 893 713 c

116 733 144 787 N
146 750 179 787 ec
198 735 371 802 vespertinus
390 735 577 801 circumgemit
594 752 674 788 ursus
691 736 769 803 ovile,

152 810 254 878 Neque
271 810 428 864 intumescit
445 811 502 863 alta
519 810 619 878 viperis
636 812 741 865 humus.

51 905 67 947 γ
118 884 258 953 Pluraque
275 885 367 939 felices
384 885 560 940 mirabimur:
583 889 616 939 ut
634 902 723 955 neque
740 885 821 955 largis

154 961 284 1027 Aquosus
303 961 392 1013 Eume
410 978 475 1013 arra
492 960 575 1014 radat
591 960 731 1028 imbribus,

118 1034 236 1101 Pinguia
252 1051 304 1089 nec
321 1035 398 1088 siccis
415 1040 530 1089 urantur
548 1036 650 1091 semina
668 1036 763 1105 glebis,

153 1110 312 1178 Utrumque
329 1127 395 1179 rege
412 1116 585 1180 temperante
602 1112 736 1166 caelitum.

116 1185 181 1238 Nou
199 1185 253 1238 huc
271 1186 364 1253 Argoo
381 1186 523 1240 contendit
539 1186 644 1254 remige
661 1187 747 1255 pinus,

153 1261 253 1329 Neque
271 1261 408 1328 impudica
426 1262 533 1315 Colchis
551 1261 644 1315 intulit
660 1262 775 1331 pedom;

117 1336 142 1390 N
146 1352 182 1388 ou
200 1336 255 1389 huc
272 1336 377 1389 Sidonii
394 1341 534 1391 torserunt
552 1354 651 1391 cornua
668 1340 767 1390 nautae

154 1411 304 1465 Laboriosa
319 1428 370 1465 nec
387 1413 482 1465 cohors
499 1411 599 1467 Ulixei.

116 1486 203 1540 Nulla
220 1491 319 1541 nocent
336 1489 428 1555 pecori
446 1488 578 1556 contagia,
595 1488 695 1543 nullius
712 1488 779 1543 astri

153 1563 272 1630 GrQem
290 1569 416 1617 aestuosa
432 1568 520 1617 torret
538 1564 704 1631 impotentia

117 1636 251 1704 «Iuppiter
268 1638 315 1690 illa
331 1639 393 1706 piae
410 1640 528 1693 secrevit
545 1638 638 1693 littora
654 1639 739 1706 genti,

153 1712 196 1766 Ut
211 1713 364 1781 inquinarit
380 1731 444 1768 aere
461 1719 570 1783 tempus
588 1730 717 1779 aureum;

118 1788 204 1855 Aere,
222 1788 321 1841 dehinc
336 1789 410 1842 ferro
428 1790 539 1843 duravit
556 1790 657 1855 secula;
675 1804 789 1859 quorum

155 1863 213 1916 Piis
231 1865 350 1918 secunda
367 1869 430 1918 vate
448 1882 493 1919 me
512 1865 594 1919 datur
610 1867 681 1934 fuga

428 2008 525 2064 XVII.

9 2101 10 2150 i
118 2090 139 2144 J
141 2106 183 2144 nu
196 2089 257 2158 jam
274 2090 376 2145 efficaci
393 2091 429 2145 do
446 2107 541 2145 manus
559 2090 695 2157 scientiae,

120 2166 242 2234 Supplex
261 2169 291 2219 et
307 2183 356 2219 oro
373 2183 458 2234 regna
475 2183 525 2234 per
544 2165 729 2234 Proserpinae,

120 2242 176 2295 Per
194 2254 223 2294 eo
241 2241 344 2295 Dianae
361 2258 416 2295 nou
432 2241 567 2295 movenda
583 2242 701 2308 numina,

122 2318 177 2371 Per
193 2321 277 2386 atque
295 2316 380 2371 libros
396 2319 546 2371 carminum
563 2317 711 2370 valentium

121 2392 221 2446 Refixa
237 2393 312 2447 caelo
329 2388 461 2446 devocare
479 2392 577 2459 sidem,

121 2468 243 2534 Canidia,
259 2468 468 2537 parce'vocibus
485 2467 597 2521 tandem
615 2466 697 2519 sacris

9 2579 10 2586 κ
122 2543 270 2611 (titumque
287 2546 362 2596 retro
380 2543 460 2609 solve,
479 2542 552 2595 solve
570 2542 715 2596 turbinem.

122 2619 212 2671 Movit
229 2622 357 2685 nepotem
376 2618 512 2689 Telephus
531 2618 672 2684 Neretum,

123 2694 158 2745 In
177 2709 258 2761 quem
276 2692 409 2761 superbus
426 2693 567 2747 ordinarat
584 2694 691 2759 agmina

123 2769 263 2836 Mysorum
281 2772 310 2821 et
327 2768 355 2821 in
373 2785 455 2837 quem
472 2769 530 2821 tola
547 2773 627 2821 acuta
644 2770 767 2821 torserat

123 2842 237 2897 Unxore
253 2846 356 2896 matres
375 2843 443 2896 Iliae
461 2844 603 2896 addictum
621 2843 686 2895 seris

124 2919 246 2973 Alitibus
264 2922 347 2986 atque
365 2918 476 2972 canibus
494 2918 655 2971 homicidam
677 2918 833 2975 Hectorem.

125 2995 274 3062 Postquam
294 2994 395 3048 relictis
413 2994 554 3047 moenibus
572 3009 621 3044 rex
638 2991 755 3057 procidit

126 3069 190 3124 Heu
207 3068 355 3137 pervicacis
372 3068 408 3121 ad
425 3068 511 3133 pedes
530 3064 654 3119 Achillei.
