2025 3409
71 54 117 101 198
241 53 395 101 HORATII
413 53 542 101 FLAGCI
561 52 667 101 EPIST.
686 52 763 103 11.a.

70 131 218 202 Pauperies
235 132 375 185 immunda
392 134 493 187 domus
509 132 603 203 procul
620 132 706 188 absit:
724 148 782 200 ego,
799 133 893 185 utrum

69 207 147 262 Nave
163 208 237 260 ferar
253 224 353 275 magna
369 225 404 261 an
421 224 512 275 parva,
529 208 603 262 ferar
619 224 690 261 unus
708 212 738 262 et
754 207 837 262 idem.
882 222 917 261 sae

70 284 96 337 N
98 300 133 337 on
150 284 257 351 agimur
272 284 386 337 tumidis
403 284 470 338 velis
486 284 613 352 aquilone
631 283 764 349 secundo;

70 359 96 412 N
98 375 133 411 on
149 362 242 412 temen
259 359 381 413 adversis
398 362 517 413 aetatem
535 358 659 413 ducimus
676 360 784 427 austnis,
890 388 894 395 ·

71 433 191 501 Viribus,
208 434 323 502 ingenio,
341 431 438 503 specie,
456 435 566 503 virtute,
583 435 649 504 lece,
667 428 724 504 'res

71 509 195 564 Extremi
212 510 369 578 pn'merum,
386 511 517 565 extremis
534 526 621 580 usque
634 510 746 579 priores.

71 587 134 640 Non
151 601 182 641 es
199 601 308 641 avarus:
327 585 387 651 abi;
405 584 481 654 quid,
498 589 607 639 caetera
619 585 679 654 jem
697 586 778 639 simul
795 585 850 639 istc
885 591 921 639 tes

72 662 141 716 Cum
158 661 225 714 vitio
241 660 354 729 fugeret
390 661 474 716 Caret
490 660 543 715 tibi
560 664 656 730 peetus
673 662 746 715 inani
898 666 903 676 '

72 737 247 792 Ambitionei
283 737 366 791 (iuret
383 737 479 792 mortis
496 737 640 790 formidine
658 741 687 791 et
704 738 761 791 irai

72 814 188 882 Somnia,
206 817 327 868 terrores
344 813 469 881 magices,
487 812 625 881 miracula,
644 828 730 881 sagas,

72 891 98 943 N
100 894 228 945 octurnos
244 888 362 943 lemures
379 891 561 958 portentaque
580 884 709 941 Thessala
725 886 820 941 rides?

73 966 187 1021 Natales
204 968 283 1034 grate
300 965 444 1018 numeras?
480 963 604 1032 ignoscis
621 964 738 1018 amiciet
887 978 923 1015 ne

73 1043 173 1097 Lenior
189 1046 219 1096 et
236 1040 332 1094 melior
348 1040 382 1093 fis
399 1038 546 1093 accedente
564 1040 693 1093 senecta-i

74 1118 147 1183 Quid
163 1121 194 1171 te
211 1119 339 1184 exempta
355 1114 428 1168 levat
446 1114 530 1182 spinis
548 1113 583 1166 de
601 1113 724 1181 pluribus
742 1114 815 1167 unat

73 1193 175 1248 Vivere
192 1193 216 1245 si
233 1195 308 1245 recte
324 1190 412 1243 nescis
429 1188 533 1243 decede
550 1188 655 1258 peritis.
672 1224 674 1231 .

74 1268 177 1323 Lusisti
194 1266 268 1334 satis,
286 1266 369 1320 edisti
387 1265 455 1319 setis
471 1268 555 1333 atque
572 1262 678 1317 bibisti:

74 1345 192 1413 Tempus
209 1342 285 1396 ubire
302 1340 355 1394 tibi
372 1343 422 1407 est,
441 1341 589 1407 nepotum
606 1338 718 1407 largius·
728 1354 815 1409 aequo
887 1356 923 1394 ns

75 1420 176 1475 Rideat
192 1422 221 1473 ct
235 1418 326 1488 puiset
342 1416 441 1470 lasciva
457 1414 599 1469 decentius
613 1413 709 1469 aetas?¹
