2025 3409
352 42 607 94 aristocreon
623 41 647 91 1.
664 43 703 93 20.
901 40 948 92 los

97 118 186 176 Carus
203 122 258 177 eris
275 123 380 180 Rorirao
397 126 485 181 donec
501 127 532 181 te
548 124 659 179 deserat
676 123 768 187 aetasz
922 142 943 181 ro

97 194 292 252 contrectatus
308 199 357 253 ubi
374 201 498 254 manibus
517 200 675 253 sordescere
693 196 775 265 vulgi.

96 269 235 340 Coeperis,
253 277 302 328 aut
319 274 407 329 tineas
423 292 517 343 pasces
535 275 688 328 taciturnus
705 273 816 336 inertes,

97 346 157 401 Aut
173 347 264 415 firgies
280 349 390 404 Uticam
407 354 456 405 aut
472 350 580 404 rinctus
597 348 717 402 mitteris
735 347 865 404 Ilerdam.

96 420 213 477 Ridebit
228 424 347 479 monitor
364 442 419 480 non
436 425 590 494 exauditus,
607 428 639 479 ut
656 423 702 477 ille

95 496 150 561 Qui
168 498 240 552 male
257 504 403 568 parentem
419 499 449 553 in
466 516 550 569 rupes
567 498 700 566 protrusit
717 497 831 553 asellum
927 520 946 558 ri

95 571 204 628 iratus:
223 574 285 642 quis
302 576 374 629 enim
391 575 507 629 invitrrm
525 591 634 629 servare
652 574 774 629 laboretl

95 647 159 701 Hoe
176 664 286 719 quoque
302 654 333 704 te
348 659 449 718 manet,
465 654 498 705 ut
515 666 614 719 pueros
632 650 768 705 elementa
785 650 928 720 docentem

94 723 219 792 Occupet
236 726 367 780 extremis
383 727 413 779 in
430 725 497 780 vicis
514 725 596 779 balba
613 730 747 780 senectus.

94 798 166 852 eum
182 798 235 852 tibi
253 800 293 853 sol
310 802 421 870 tepidus
437 801 531 872 plures
549 801 701 855 admoverit
719 816 807 871 aures,

93 873 150 941 Mo,
168 874 299 929 libertino
315 881 410 931 natum
426 880 507 946 patre
525 880 554 930 et
571 876 600 929 in
617 876 694 930 tenui
711 892 750 944 ro,
919 896 941 935 so

93 948 216 1018 Majores
232 967 335 1019 pennas
351 952 417 1005 nido
434 951 592 1005 extendisse
611 950 739 1019 loqueris,

94 1024 135 1077 Ut
152 1028 286 1094 quantum
302 1028 397 1093 generi
414 1027 510 1081 demas
527 1026 676 1081 virtutibus
694 1025 796 1093 addas3

93 1099 142 1153 Me
158 1100 254 1170 primis
271 1101 355 1155 Urbis
373 1102 438 1157 belli
454 1102 589 1171 placuisse
606 1101 749 1169 domiqu03

93 1174 222 1243 Corporis
239 1177 339 1245 exigui,
355 1193 527 1248 praeconum,
546 1175 647 1229 solibus
665 1180 766 1244 aptum,
884 1234 889 1241 ,

93 1250 180 1305 Irasci
197 1252 322 1320 celerem,
339 1257 431 1307 tamen
448 1255 481 1306 ut
496 1250 636 1322 placabilis
654 1266 749 1303 essem.
916 1269 939 1311 ω

92 1325 179 1380 Forte
197 1343 287 1380 mcum
304 1328 328 1380 si
347 1328 408 1397 quis
427 1331 457 1382 te
472 1326 679 1396 percontabitur
695 1340 801 1393 aevum,

92 1401 141 1456 Mo
158 1405 258 1471 quater
274 1403 399 1456 undenos
415 1402 483 1456 sciat
499 1401 655 1469 implevisse
673 1399 840 1455 Decembres

92 1476 232 1547 Collegaur
251 1476 385 1547 Lepidum
402 1494 456 1547 quo
473 1477 553 1531 duxit
571 1475 673 1529 Lollius
689 1491 767 1530 anno.
