2025 3409
382 54 588 105 OARMINUM
605 55 644 105 11.
664 57 700 104 11.
938 56 970 105 ³3

254 132 393 187 Docidunt
409 136 501 187 turres
518 132 676 202 feriuntque
693 149 813 188 mmmm

289 208 410 277 Fulgura
427 211 542 275 montes

254 281 353 351 Sperat
370 282 484 351 infestis,
501 283 602 337 metuit
619 283 746 337 secundia

253 357 379 411 Alteram
398 362 500 413 sortem
517 358 588 411 bene
605 362 798 427 praeparatum

254 432 360 487 Pectus.
397 433 535 487 informes
550 434 654 487 hiemes
671 433 779 487 reducit
946 451 968 490 rs

286 508 425 577 Juppiter,
445 508 519 561 idem

253 584 418 638 Summovet
452 583 479 637 N
480 600 516 637 on
532 584 556 638 si
573 583 644 637 male
661 599 733 637 nunc
750 587 779 637 et
797 583 861 638 olim

253 658 299 714 Sic
317 660 386 714 crit:
405 658 542 728 quondam
560 659 664 713 cithara
680 662 817 713 tacentem

252 734 373 789 Suscitat
390 750 503 803 musam,
522 750 611 803 neque
629 750 737 802 semper
754 750 847 788 arcum

287 809 389 864 Tendit
407 809 515 879 Apollo.
943 824 967 863 ro

253 884 347 939 Rebus
364 884 496 952 angustis¹
506 884 642 939 animosus
659 887 743 954 atque

253 959 346 1015 Fortis
364 976 484 1028 appare;
502 960 640 1027 sapienter
656 960 730 1013 idem

254 1034 405 1091 contrahes
422 1038 505 1089 vento
522 1035 635 1088 nimium
653 1034 770 1089 secundo

287 1110 408 1177 Turgida
425 1110 491 1165 vela

515 1250 567 1306 XI.

253 1334 328 1399 Quin
345 1332 487 1389 bellicosus
505 1332 643 1387 Cantaber
660 1336 689 1388 et
707 1333 838 1404 Scythes

254 1409 371 1479 Hirpine
389 1409 491 1477 Quinti,
509 1410 613 1477 cogitet
630 1409 738 1463 Hadria

289 1484 398 1538 Divinus
416 1482 524 1551 objecto
541 1484 667 1538 remittas

323 1560 468 1626 Quaerere,
486 1575 538 1613 nec
554 1559 677 1629 trepides
694 1558 722 1613 in
740 1577 820 1613 usum

255 1634 396 1690 Poscentia
412 1634 472 1688 aeri
490 1650 583 1705 panca
618 1635 702 1703 Fugit
719 1639 794 1688 retro
956 1650 970 1692 r

255 1711 337 1766 Levis
350 1710 479 1789 juventas
496 1715 527 1765 et
544 1711 633 1779 decor,
650 1711 727 1764 arida

290 1786 413 1841 Pellente
431 1786 544 1840 lascivos
561 1802 666 1839 amores

324 1861 431 1915 (lanitio
448 1861 609 1929 facilemque
627 1876 758 1914 somnum.

255 1936 282 1991 N
284 1953 318 1989 on
335 1952 442 2005 semper
458 1936 533 1989 idem
550 1934 661 1989 floribus
678 1939 720 1988 est
736 1935 822 1989 honor

159 2078 160 2081 Ἴ
256 2011 356 2065 Vernis
372 2027 462 2080 neque
478 2026 533 2063 uno
551 2010 629 2064 Luna
645 2010 747 2063 rubens
763 2011 834 2065 nitet
945 2028 967 2067 io

291 2086 395 2140 vnto:
412 2085 479 2155 quid
496 2086 617 2139 aeternis
634 2086 766 2139 minorem

325 2161 451 2216 Consiliis
469 2162 589 2215 animum
605 2161 725 2229 fatigas?

256 2237 312 2293 Gur
328 2254 382 2291 non
400 2236 450 2291 sub
468 2237 524 2291 alia
540 2237 584 2291 rel
601 2237 710 2306 platano
728 2237 770 2291 vel
788 2238 839 2292 hac

257 2313 327 2366 Pinu
339 2312 465 2381 jacentes
482 2313 522 2367 sic
539 2316 644 2367 temere
661 2315 691 2366 et
709 2328 770 2366 rosa

291 2388 379 2443 Canos
396 2388 502 2441 odorati
521 2388 638 2456 capillos,
945 2406 967 2443 rr

324 2463 397 2517 Dum
415 2462 486 2530 licet,
505 2463 671 2532 Assyriaque
689 2463 776 2517 nardo

257 2537 386 2593 Petamus
402 2537 497 2591 unctil
533 2538 655 2607 Dissipat
673 2538 758 2591 liuius

257 2614 342 2669 (iuras
358 2614 462 2669 edaces
497 2614 565 2678 Quis
581 2631 651 2683 puer
667 2614 742 2668 ocius

291 2689 457 2757 Restinguet
474 2690 596 2743 ardentis
615 2690 724 2743 Falerni

247 2786 251 2792 ·
309 2764 423 2818 'Pocula
439 2768 632 2833 praetereunte
649 2764 805 2833 lymphal·
941 2782 964 2821 so

255 2839 322 2905 Quis
339 2839 448 2894 derium
466 2844 585 2893 scortum
603 2840 694 2894 eliciet
711 2840 792 2894 domo

257 2914 371 2984 Lyden?
406 2914 518 2967 Eburna
534 2914 578 2968 dic
595 2931 646 2982 age
664 2931 725 2969 cum
742 2916 799 2983 lyra

291 2990 416 3043 Mauuet
432 2990 461 3042 in
479 2993 617 3055 compium
636 2989 775 3041 Lacaenae

323 3064 402 3117 More
419 3078 510 3117 comas
528 3062 643 3128 religata
659 3062 768 3114 nodmu
