2025 3409
331 47 537 96 CARMINUM
552 46 607 95 ΙΙΙ,
625 48 665 95 29.
892 45 922 96 67

210 126 394 183 Fastidiosem
412 128 510 183 desere
527 127 633 193 euplum
649 129 680 179 et

209 202 311 258 Molem
329 202 511 271 propinquam
527 200 647 253 nubibus
664 200 757 254 arduis
766 220 774 268 ;
902 216 924 256 u

243 277 349 331 Omitte
367 276 461 331 mirari
477 275 577 330 beatae

278 352 395 405 lunium
414 355 444 406 et
461 368 527 421 opes
545 350 745 419 strepitumque
764 352 872 407 Romae.

210 426 375 497 Plerumque
392 430 490 495 gratae
507 426 640 481 divitibus
657 427 737 493 uices,

209 502 387 572 Mundseque
404 518 488 571 perro
507 501 559 555 sub
576 502 633 555 lare
649 518 799 571 pauperum

243 579 350 633 Goense
368 578 427 631 sine
443 578 546 632 aulaeis
562 581 593 631 et
609 580 684 631 ostro
904 594 925 633 u

277 653 425 707 Sollicitam
443 652 598 720 explicuere
614 653 741 708 frontem.

208 730 273 784 dem
290 729 379 783 clerus
397 729 533 783 occultum
553 727 747 782 Andromedae
764 734 843 797 poter

209 804 339 859 Ostendit
356 804 455 872 ignem,
469 804 530 873 jam
548 802 670 871 Procyon
687 804 755 858 furit

243 881 282 935 Et
299 879 378 934 stella
395 880 488 933 vesani
506 879 615 944 Leonis,

278 955 341 1009 Sole
358 955 417 1007 dies
435 956 573 1008 referente
590 954 691 1011 sioeos:
901 972 925 1011 ru

208 1030 273 1085 Jem
290 1034 385 1100 postor
402 1030 515 1083 umbros
532 1046 595 1084 eum
611 1047 695 1098 grege
711 1029 842 1100 languido

209 1106 365 1174 Rivumque
382 1105 469 1158 lessus
487 1106 643 1174 quaeritet
661 1108 764 1160 horridi

242 1181 365 1235 Dumetu
383 1180 492 1247 Silvani,
511 1185 641 1249 curetque

278 1255 350 1324 Ripa
367 1256 443 1323 vagis
461 1256 599 1309 taciturno
615 1258 711 1311 ventis

207 1332 251 1386 'l'u
266 1332 406 1385 civitatem
424 1331 485 1399 quis
503 1331 600 1386 deeeet
617 1335 706 1385 status
899 1349 923 1389 2⁵

208 1406 302 1473 Ouras,
320 1410 351 1460 et
368 1405 439 1459 Urbi
457 1406 587 1460 sollicitus
603 1406 686 1459 times

242 1481 317 1546 Quid
334 1481 414 1535 Seres
432 1484 461 1535 et
478 1485 594 1548 regnate
611 1482 681 1549 Cyro

278 1556 379 1611 Baetra
396 1560 494 1626 parent
512 1557 665 1625 Tanaisque
683 1557 793 1613 disoors

209 1632 335 1687 Prudens
351 1632 438 1685 futuri
455 1633 588 1700 temporis
605 1633 709 1688 exitum

208 1708 363 1775 caliginose
380 1710 461 1761 noete
477 1708 579 1775 premit
597 1707 672 1775 deus,
901 1728 924 1767 ω

243 1783 384 1851 Ridetque
401 1783 424 1836 si
440 1783 563 1837 mortalis
576 1783 650 1837 ultra

280 1859 334 1911 Fas
351 1858 480 1926 trepidat.
516 1858 596 1922 Quod
613 1859 693 1912 adest
710 1864 847 1916 memento

209 1934 380 2003 Componere
397 1950 516 2002 sequus3
533 1937 628 1987 cetera
645 1934 763 1989 fluminis

209 2010 278 2064 Ritu
295 2010 428 2076 feruntur,
445 2026 518 2062 nune
535 2009 626 2062 medio
643 2026 763 2077 aequore

244 2086 314 2139 Onus
332 2100 398 2153 paee
416 2084 570 2137 delabentis
588 2084 735 2139 Etruscum

279 2161 314 2214 In
330 2176 413 2227 mare,
431 2175 503 2213 nune
520 2159 624 2228 lapides
641 2161 738 2213 adesos

209 2236 369 2303 stirpesque
386 2239 479 2303 raptas
497 2239 527 2289 et
543 2251 625 2303 pecus
642 2239 672 2289 et
689 2236 786 2291 domus

209 2311 353 2365 Volventis
370 2327 425 2364 una
442 2326 496 2364 non
515 2311 573 2363 sine
589 2311 728 2385 montiurn

243 2386 369 2441 Clamore
385 2386 544 2452 vicinaeque
561 2386 653 2453 silvae,

278 2461 347 2515 Cum
365 2461 423 2514 sera
441 2460 557 2514 diluvies
575 2462 682 2529 quietos
899 2480 923 2518 su

209 2536 307 2591 Irritnt
324 2552 424 2589 amnes.
461 2535 513 2588 Ille
529 2540 627 2603 potens
645 2537 687 2589 sui

208 2611 365 2679 Laetusque
384 2610 474 2678 deget,
488 2610 532 2664 eui
549 2611 614 2664 lieet
629 2611 658 2664 in
676 2612 748 2667 diem

243 2687 353 2739 Dixisse
371 2685 453 2740 Vixi:
471 2700 531 2740 eras
548 2686 591 2738 vel
609 2697 671 2739 atra

277 2761 359 2815 Nube
376 2761 468 2829 polum
488 2760 572 2813 Pater
589 2765 720 2829 occupato

209 2834 264 2890 Vel
282 2836 338 2889 sole
354 2851 441 2904 puro;
457 2851 511 2887 non
529 2839 622 2888 temen
639 2835 747 2889 irritum
897 2855 920 2893 ss

208 2911 396 2980 Quodcunque
413 2913 488 2963 retro
505 2914 549 2964 est
566 2911 671 2977 efficiet,
689 2928 777 2981 neque

243 2986 375 3053 Diffiuget
390 2984 576 3052 infectumque
593 2986 693 3037 reddet

278 3060 359 3129 Quod
374 3058 483 3125 fugiens
500 3057 582 3110 semel
599 3057 666 3110 hora
682 3057 764 3111 veuit
