2025 3409
65 49 111 99 162
340 46 494 95 HORATII
512 46 641 96 FLACOI

466 192 507 245 11.

64 280 187 336 'rnorem
204 280 270 336 belli
287 280 455 351 scriptorem,
473 282 591 335 maxime
610 282 688 349 Lolli,

63 357 137 410 Dum
155 362 188 411 tu
204 357 340 411 declamas
357 357 461 411 Romae
480 358 628 411 Praeneste
645 358 750 425 ralegh

63 433 116 497 Qui
128 432 196 501 quid
207 431 244 486 sit
255 432 407 501 pulchrum,
417 432 484 502 quid
495 436 585 501 turpe,
598 432 666 501 quid
678 434 753 501 utile,
766 434 832 502 quid
846 454 914 504 non,

63 508 175 563 Planius
192 524 224 562 ac
241 509 338 562 melius
356 508 507 578 Chrysippo
525 512 555 563 et
573 508 707 563 Crantore
724 510 799 566 dicit

63 585 119 638 Cur
135 584 176 639 ita
191 584 356 638 crediderim
373 584 425 638 nisi
443 584 511 653 quid
528 588 557 639 te
575 584 683 639 detinet
700 586 772 641 audi.
909 607 922 646 s·

64 660 168 715 Fabula
185 677 240 729 qua
258 660 365 714 Paridis
381 665 496 730 propter
512 663 639 714 narratur
656 677 777 715 amorem

63 735 176 791 Graecia
194 736 343 790 Barbariae
360 737 434 791 lento
451 727 545 789 collita
562 736 654 789 duello
718 756 735 785 a
794 760 813 775 ,‚
845 772 856 786 ,.
869 760 913 795 f...
926 734 947 779 Ν
989 772 993 779 .

63 812 214 867 Stultorum
231 828 327 880 regum
344 815 374 864 et
391 812 552 881 populorum
569 812 692 866 eontinet
709 815 810 868 aestus.

64 888 189 943 Antenor
206 892 300 942 censet
316 887 381 941 belli
399 886 560 957 praecidere
577 903 701 942 causamt

63 963 136 1027 Quid
155 964 251 1018 Paris‘l
286 964 328 1018 Ut
345 963 434 1017 salvus
451 966 550 1031 regnet
568 963 697 1033 vivatque
714 962 835 1018 beatus·
862 956 922 1022 *ro

63 1040 130 1107 Cogi
146 1057 227 1111 posse
244 1042 334 1107 negat.
369 1038 471 1092 Nestor
488 1054 650 1107 componere
667 1039 730 1093 lites

64 1116 143 1170 inter
161 1114 276 1170 Peliden
293 1114 407 1168 festinat
424 1116 454 1167 et
470 1114 545 1167 inter
562 1113 695 1179 Atriden3

63 1191 145 1245 Hunc
162 1206 244 1258 amor,
262 1190 305 1243 ira
322 1190 433 1259 quidem
452 1189 632 1242 communiter
648 1190 706 1243 urit
722 1192 880 1260 utrumqne.

63 1266 203 1336 Quidquid
220 1266 340 1320 delirant
356 1281 435 1334 reges
451 1265 608 1334 plectuntur
626 1264 731 1318 Achivi.

62 1342 211 1409 Seditione,
229 1341 308 1409 dolis,
325 1341 428 1394 scelere
446 1344 531 1409 atque
548 1339 661 1395 libidine
678 1344 708 1394 et
725 1340 766 1395 ira
896 1358 920 1397 rs

63 1418 159 1472 Iliacos
176 1419 250 1472 intra
266 1433 358 1470 muros
375 1420 504 1485 peccatur
521 1418 551 1469 et
568 1419 654 1469 extra

62 1493 168 1547 Rursus
185 1492 252 1562 quid
269 1492 358 1546 virtus
374 1494 405 1545 et
422 1492 489 1559 quid
507 1491 642 1559 sapientia
658 1491 745 1560 pessit

62 1569 139 1622 Utile
156 1568 298 1636 proposuit
314 1566 393 1620 nobis
411 1567 551 1633 exemplar
569 1566 677 1633 Ulixen,

62 1644 115 1708 Qui
133 1644 252 1698 domitor
269 1642 366 1711 Trojae
383 1642 531 1697 multorum
549 1643 680 1711 providus
698 1643 779 1698 urbes

62 1719 98 1774 nt
116 1736 206 1774 mores
223 1719 362 1772 hominum
379 1718 509 1786 inspexit,
527 1718 668 1787 latumque
685 1736 736 1788 per
752 1734 861 1787 aequor,
890 1735 917 1774 so

61 1796 134 1849 Dum
152 1795 205 1850 sibi
222 1796 288 1849 dum
306 1795 385 1848 sociis
402 1793 523 1847 reditum
540 1797 626 1863 parat,
644 1811 741 1863 aspera
759 1795 845 1848 multa

62 1871 181 1925 Pertulit
197 1870 320 1925 adversis
337 1886 429 1924 rerum
446 1870 636 1924 immersabilis
652 1870 741 1925 undis.

61 1946 188 2001 Sirenum
205 1962 284 2000 voces
302 1950 331 2000 et
349 1946 444 2000 Circae
461 1945 558 2013 pocula
575 1944 664 2010 nesti3

61 2022 137 2086 Quae
154 2024 257 2077 sicum
276 2021 353 2075 sociis
372 2020 472 2074 stultus
490 2019 659 2089 cupidusque
676 2020 798 2089 bibisset,

61 2098 118 2152 Sub
135 2099 246 2152 domina
261 2096 405 2151 meretrice
423 2096 521 2149 luisset
538 2096 628 2164 turpis
645 2099 674 2150 et
691 2112 794 2164 excors,
891 2114 917 2152 ss

61 2174 184 2229 Vixisset
200 2174 275 2227 canis
291 2171 449 2226 immundus
466 2171 511 2224 vel
528 2172 615 2225 amica
632 2171 762 2225 lutosus.

60 2250 118 2304 llos
136 2266 265 2304 numerus
283 2264 376 2302 sumus
393 2251 423 2301 et
439 2245 534 2315 fruges
551 2262 708 2299 consumere
725 2246 790 2316 nati,

60 2326 158 2395 Sponsi
176 2326 336 2393 Penelopae,
353 2323 508 2390 nebulones,
527 2321 687 2390 Alcinoique

61 2401 95 2456 In
112 2407 176 2456 cute
194 2399 314 2455 curanda
330 2399 392 2467 plus
409 2415 496 2467 aequo
514 2400 627 2465 operata
640 2398 779 2465 juventus,

60 2477 112 2532 Oui
129 2477 273 2547 pulchrum
290 2476 344 2529 fuit
361 2475 390 2528 in
407 2474 512 2527 medios
529 2472 649 2526 dormire
667 2474 726 2526 dies
743 2478 772 2527 et
891 2491 917 2530 aa

61 2553 108 2606 Ad
125 2554 270 2621 strepitum
287 2552 409 2605 citharae
426 2552 562 2603 cessatum
579 2548 680 2601 ducere
697 2565 796 2603 curam.

59 2627 101 2682 Ut
114 2628 244 2697 jugulent
261 2627 385 2681 homines
402 2628 517 2693 surgrmt
535 2624 571 2677 de
589 2629 669 2677 nocte
687 2624 822 2682 latrones:

60 2704 101 2758 Ut
118 2709 147 2758 te
164 2705 254 2772 ipsum
272 2718 365 2756 serres
383 2717 436 2754 non
454 2699 671 2769 expergiscerisl
707 2698 795 2769 Atqui

60 2778 90 2839 si
107 2779 183 2832 noles
200 2794 282 2832 sanus
299 2792 391 2831 curres
408 2775 588 2844 hydropicus;
606 2778 637 2828 et
653 2774 682 2827 ni

61 2852 160 2905 Posces
177 2856 241 2905 ante
258 2852 331 2903 diem
348 2850 448 2903 librum
466 2867 528 2903 oum
545 2848 654 2915 lumine,
671 2850 695 2903 si
712 2862 763 2901 non
890 2871 916 2910 ις

61 2924 196 2977 Intendcs
212 2926 332 2981 anirnum
350 2925 449 2977 studiis
467 2929 496 2978 et
513 2924 597 2977 rebus
614 2925 744 2993 honestis

61 2996 170 3049 Invidia
185 2997 229 3048 vel
246 3012 338 3049 anrore
355 2998 420 3063 vigil
437 2998 610 3066 torquebere.
647 3000 674 3053 N
675 3016 719 3053 am
737 3018 786 3055 our

61 3068 137 3130 Quae
153 3068 266 3120 laedunt
282 3070 373 3121 oerrlos
390 3071 501 3124 festinas
520 3072 638 3141 demere,
657 3075 680 3127 sl
698 3076 763 3145 quid
