2025 3409
322 48 528 97 oARMINUM
545 48 599 98 111.
617 51 640 99 6.
877 52 911 99 49

235 126 266 183 Si
283 128 387 195 pugnat
405 127 541 180 extricata
558 126 652 181 densis

271 202 359 257 Gerra
376 201 464 271 plagis
482 203 537 256 erit
554 202 601 256 ille
618 202 699 258 fortis

199 278 256 343 Qui
273 277 387 345 perfidis
405 293 435 331 se
453 278 573 331 credidit
589 276 721 345 hostibus,

200 356 241 409 Et
258 354 348 406 Marte
368 352 475 406 Poenos
492 357 617 420 proteret
633 354 719 407 altero

237 428 289 493 Qui
306 427 365 481 lora
382 429 518 481 restrictis
535 429 645 483 lacertis

270 504 362 557 Sensit
379 504 453 557 iners
469 504 619 572 timuitque
635 509 759 559 mortem.

198 579 257 634 Hic
274 578 348 632 unde
366 579 451 633 vitum
469 582 592 633 sumeret
608 579 709 632 inscius

200 656 302 709 Pacem
320 653 413 707 duello
431 654 548 708 miscuit.
583 654 607 707 Ο
625 654 730 723 pudor!

236 729 260 782 O
278 744 377 796 magna
396 729 545 797 Karthago,
563 728 703 799 probrosis

271 804 363 857 Altior
381 802 479 858 Italiae
497 805 584 857 ruinis
594 804 616 859 !''

198 878 303 933 Fertur
319 878 434 948 pudicas
451 878 575 947 conjugis
592 879 713 933 oscinum

200 954 358 1023 Parvosque
375 958 455 1008 natos
471 958 504 1008 ut
522 954 619 1023 cupitis
636 955 724 1008 minor

236 1029 283 1084 Ab
301 1046 331 1083 se
349 1030 497 1083 removisse
515 1034 545 1083 et
562 1030 668 1083 virilem

269 1104 372 1157 Torvus
389 1105 465 1158 humi
482 1106 605 1173 posuisse
622 1106 744 1161 vultum:

198 1180 294 1234 Donec
312 1180 437 1234 labantes
454 1181 565 1233 consilio
582 1184 676 1249 patres

199 1256 337 1309 Firmaret
350 1260 449 1309 auctor
466 1272 605 1323 nunquam
621 1256 688 1308 alias
706 1255 777 1322 dato,

234 1331 368 1399 Interque
385 1334 542 1384 maerentes
559 1331 660 1383 amicos

269 1406 404 1473 Egregius
421 1409 581 1474 properaret
599 1406 684 1461 exam.

200 1482 291 1549 Atqui
310 1480 413 1535 sciebat
430 1497 501 1549 quae
520 1480 572 1533 sibi
590 1480 722 1534 barbarus

199 1555 299 1610 Tortor
314 1560 445 1625 pararet3
461 1572 517 1609 non
533 1556 614 1610 aliter
630 1561 721 1610 tamen

235 1631 359 1686 Dimovit
375 1631 518 1685 obstantes
535 1632 701 1700 propinquos

268 1706 306 1761 Et
322 1707 453 1775 populum
470 1706 578 1759 reditus
594 1711 755 1773 morantem,

200 1781 289 1845 Quam
307 1782 330 1835 si
348 1782 478 1836 clientum
496 1781 577 1848 longa
594 1782 704 1849 negotia

201 1856 362 1924 Dijndicata
379 1856 429 1910 lite
447 1857 624 1925 relinqueret,

236 1931 364 1986 'l'endens
381 1932 553 1985 Venafranos
571 1932 599 1984 in
617 1948 697 1998 agros
896 1946 920 1985 cc

269 2008 330 2061 Ant
349 2007 595 2061 Lacedaemonium
613 2007 766 2061 Tarentum

465 2151 517 2204 VI.

201 2233 328 2287 Demere
346 2238 479 2300 majorum
496 2233 649 2288 immeritus
666 2233 734 2302 lues,

204 2308 336 2374 Romane,
354 2309 441 2362 donoc
459 2309 562 2377 templa
579 2309 708 2362 refeceris

239 2383 388 2452 Aedesque
406 2383 531 2437 labentes
548 2383 661 2437 deorum
678 2387 709 2438 et

272 2458 366 2511 Foeda
382 2459 460 2526 nigro
478 2458 622 2512 simulacra
638 2459 719 2512 fumo.

202 2533 254 2587 Dis
271 2536 300 2587 te
317 2533 449 2587 minorem
467 2534 542 2602 quod
558 2534 631 2601 geris
649 2535 784 2603 imperas:
896 2545 908 2581 ⁵

204 2609 277 2663 Hinc
294 2624 374 2662 omne
390 2609 562 2677 principium,
580 2610 633 2662 huc
650 2610 724 2663 refer
741 2610 852 2664 exitum

236 2682 273 2735 Di
286 2683 378 2737 >multa
394 2684 512 2752 neglecti
530 2683 667 2739 dederunt

271 2757 426 2826 Hesperiae
443 2758 515 2811 mala
531 2758 676 2815 luctuosae.

203 2832 267 2886 iam
284 2832 328 2885 bis
346 2834 491 2887 Monaeses
509 2836 539 2887 et
556 2834 651 2886 Pacori
668 2849 765 2887 manus

202 2906 265 2963 Non
283 2908 438 2977 auspicatos
455 2908 582 2961 contudit
598 2908 717 2976 impetus
895 2904 920 2943 ²⁰

236 2982 353 3037 Nostros
371 2987 401 3036 et
418 2982 553 3049 adjecisse
569 2984 700 3049 praedam

271 3055 425 3123 Torquibus
442 3055 548 3118 exiguis
565 3052 681 3105 renidet
