2025 3409
368 70 584 120 SATIRARUM
601 70 621 118 1.
643 72 664 118 5.
896 74 940 123 llo

86 148 112 203 0
130 150 180 218 qni
198 150 355 218 complexus
373 159 401 203 et
419 150 520 218 gaudia
536 152 639 218 quanta
656 148 783 205 fuciunt!

85 224 133 277 Nil
154 242 207 291 ego
225 226 387 278 contulerim
401 226 525 293 jucundo
543 240 625 278 sanus
642 224 736 277 amieo.

86 298 220 353 Proxima
237 300 376 369 Campano
393 302 470 369 ponti
488 317 559 369 quae
576 298 676 365 villula,
694 303 797 353 tectum
917 309 939 347 lt

86 373 231 443 Praebuit,
248 380 278 429 et
295 376 405 445 parochi
423 392 493 445 quae
510 375 614 429 debent
630 375 705 443 ligna
722 375 868 445 salemque.

87 450 165 504 Hinc
181 451 249 504 muli
267 452 377 520 Capuae
394 452 511 506 clitellas
528 457 652 519 tempore
668 455 782 519 ponunt.

89 526 195 580 Lusum
212 527 236 580 it
253 527 405 595 Maecenas,
423 528 572 581 dormitum
590 544 640 594 ego
659 526 858 594 Virgilinsque3

87 600 219 670 Namque
235 603 290 671 pila
306 604 387 671 lippis
404 604 542 657 inimicum
560 607 589 656 et
607 603 702 655 ludere
720 602 819 657 crudis.

87 677 165 731 Hinc
182 694 232 730 nos
250 678 356 733 Cocceii
373 679 471 748 recipit
487 676 644 747 plenissima
660 678 724 731 villa
926 725 930 731 ,

88 753 168 816 Quae
186 758 330 822 superest
349 755 436 809 (laudi
454 770 598 823 cauponas.
633 754 713 807 Nunc
731 754 796 806 milri
815 756 907 823 paucis

88 829 229 883 Sarmenti
248 846 357 884 scurrae
374 847 491 899 pugnam
512 830 651 898 Messique
670 829 794 896 Cicirrhi,

89 905 179 972 Musa,
197 905 280 958 velim
297 922 439 970 memores,
457 913 487 959 et
504 922 559 973 quo
576 910 655 974 patre
674 908 754 957 natus
772 909 889 973 uterque

10 1023 11 1026 ,
89 980 247 1035 Contulen't
262 982 333 1036 lites
368 980 452 1035 Messi
470 982 571 1034 claram
589 998 675 1049 genus
693 980 771 1046 Osei;

10 1085 11 1090 κ
89 1056 228 1110 Sarmenti
246 1057 357 1110 domina
373 1061 479 1111 exstat:
495 1056 531 1111 ab
549 1057 591 1109 his
608 1056 756 1124 umjoribus
774 1057 827 1110 orti
925 1084 935 1106 ..=

9 1129 11 1140 '
90 1132 138 1185 Ad
155 1148 275 1200 pugnam
293 1148 399 1186 venere.
434 1131 514 1185 Prior
531 1132 704 1185 Sarmentus:
724 1133 815 1201 “Equi
831 1137 860 1187 te

89 1206 159 1261 Esse
176 1208 229 1261 feri
247 1209 363 1262 similem
380 1206 462 1261 ‘lieo”
497 1207 630 1261 itidemne
647 1212 676 1261 et
693 1206 751 1275 ipse

89 1283 212 1337 Messias
229 1284 389 1352 “Accipio,”
407 1286 535 1351 caputet
552 1287 649 1338 movet.
684 1284 739 1350 “0,
757 1287 806 1336 tna
822 1299 906 1337 cornu

89 1358 127 1412 Ni
144 1359 219 1413 foret
236 1363 346 1413 exsecto
364 1359 459 1425 frons,”
475 1358 573 1427 inquit,
591 1358 677 1428 “quid
693 1359 803 1425 faceres,
822 1376 881 1414 cum

89 1435 135 1489 Sic
152 1435 266 1488 mutilus
283 1435 418 1488 miniteris
426 1434 450 1488 l’
489 1436 528 1487 At
545 1434 585 1487 illi
602 1433 683 1487 foeda
701 1435 810 1489 cicatrix
921 1452 934 1488 s

89 1511 216 1565 Setosaun
233 1511 303 1563 laevi
319 1510 437 1563 frontem
453 1514 613 1578 turpaverat
630 1510 691 1563 oris.

9 1618 12 1653 ς
89 1586 260 1655 Campanum
278 1585 306 1638 in
324 1586 456 1653 morbum,
472 1586 502 1638 in
520 1586 615 1639 faciem
633 1585 770 1653 permulta
782 1585 895 1653 jocatus,

8 1654 12 1702 ¹
89 1662 237 1716 Pastorem
255 1661 370 1715 saltaret
386 1663 428 1715 uti
447 1662 565 1729 Cyclopa
581 1662 711 1729 rogabat:

89 1739 136 1790 Nil
156 1739 196 1790 illi
215 1738 290 1791 larva
307 1742 356 1791 aut
373 1737 485 1805 tragicis
502 1753 571 1809 opus
589 1753 649 1790 esse
667 1737 812 1791 cothurnis.

88 1814 181 1867 Multa
199 1813 338 1867 Cicirrhus
356 1814 392 1867 ad
410 1813 493 1867 haec:
512 1812 647 1866 Donasset
660 1812 754 1880 jamne
772 1818 895 1866 catenam
916 1831 938 1868 ss

88 1891 131 1943 Ex
150 1894 215 1943 roto
234 1888 357 1956 Laribus,
375 1888 540 1957 quaerebam
558 1887 647 1941 scriba
664 1888 738 1956 quod
758 1896 839 1952 essct,

89 1963 184 2018 Nihilo
202 1964 326 2019 deterius
343 1965 469 2017 dominae
482 1963 530 2031 jus
547 1980 614 2017 esse.
650 1962 774 2031 Rogabat

90 2041 217 2110 Denique
235 2057 284 2093 car
300 2056 420 2109 unquam
437 2040 560 2107 fugisset,
578 2039 621 2092 cui
639 2040 705 2092 satis
722 2055 776 2091 una

88 2116 184 2170 Farris
203 2116 272 2169 libra
289 2116 360 2169 foret
379 2114 474 2182 gracili
491 2115 529 2168 sic
546 2119 657 2183 tamque
674 2114 779 2182 pusillo.

89 2192 208 2246 Prorsus
222 2192 345 2260 jucunde
362 2206 474 2243 coenam
490 2190 669 2258 produximus
686 2189 767 2243 illam.
911 2204 934 2243 ao

88 2267 240 2322 Tendimus
257 2268 321 2320 hinc
339 2271 416 2320 rccta
434 2266 630 2333 Beneventum,
648 2264 695 2318 ubi
714 2265 824 2319 sedulus
842 2266 939 2335 hospes

90 2345 181 2399 Paene
198 2359 302 2397 macros
319 2343 388 2395 arsit
405 2342 471 2395 dum
488 2341 585 2395 tardos
602 2345 694 2394 versat
710 2341 738 2393 in
756 2341 829 2409 igai;

90 2420 162 2473 Nam
180 2435 250 2486 vaga
266 2435 315 2486 per
332 2422 455 2471 veterem
472 2417 577 2485 dilapso
595 2416 703 2471 flamma
720 2417 835 2470 culinam

89 2496 215 2548 Vulcano
232 2510 365 2547 smnmum
383 2493 549 2561 properabat
566 2492 687 2546 lambere
704 2498 813 2549 tectam.

89 2571 225 2626 Convivas
241 2570 334 2623 avidos
351 2585 461 2623 coenam
479 2585 625 2637 servosque
642 2569 773 2622 timentes
917 2584 939 2624 rs

89 2646 159 2700 'lum
176 2662 282 2714 rapere,
299 2649 384 2714 atque
400 2660 493 2699 omnes
511 2645 680 2711 restinguere
697 2643 767 2697 velle
784 2643 897 2698 rideres.

90 2723 193 2791 Incipit
210 2738 246 2775 ex
262 2722 309 2775 illo
327 2725 433 2775 montes
453 2721 554 2789 Apulia
571 2725 650 2773 notos

90 2799 239 2853 Ostentare
255 2797 330 2864 mibi,
349 2813 417 2866 quos
434 2800 523 2851 torret
544 2795 678 2850 Atabulus
696 2799 725 2849 et
743 2812 810 2865 quos

91 2874 239 2944 Nunquam
256 2889 414 2942 erepsemus
430 2874 483 2925 nisi
500 2888 549 2925 nos
567 2872 654 2925 vicina
671 2872 767 2925 Trivici

92 2949 164 3003 Villa
180 2950 336 3019 recepisset,
354 2948 493 3001 lacrimoso
511 2964 565 3000 non
583 2949 640 3000 sine
657 2947 739 3015 famo,
921 2954 942 2990 tu

91 3025 167 3080 Udos
185 3042 247 3080 cum
264 3026 337 3078 foliis
354 3039 443 3077 ramos
459 3028 556 3076 urente
574 3024 686 3075 canrino.

92 3102 146 3156 llic
163 3118 215 3170 ego
232 3101 392 3154 mendacem
410 3097 585 3151 stultissimus
602 3112 689 3163 usque
706 3094 825 3161 puellam
