2025 3409
297 71 503 121 cARMINUM
521 70 572 121 IV.
592 75 629 130 1⁰,
644 74 683 123 ll.

179 152 308 207 Paullum
328 151 452 219 sepultae
471 150 558 205 distat
574 151 691 206 inertiae

179 229 276 282 Celata
293 228 389 280 virtus.
425 227 489 280 Non
506 244 559 295 ego
575 231 606 281 te
622 228 691 281 meis

216 302 325 357 Chartis
342 303 498 355 inornatum
517 302 611 370 silebo,

249 379 336 432 Totve
353 381 416 431 tuos
433 378 525 447 patiar
541 378 651 433 labores

179 454 306 520 Impune,
325 452 404 519 Lolli,
423 470 536 522 carpere
552 454 652 508 lividas

179 530 354 584 Obliviones
382 530 434 583 llst
451 530 558 582 animus
575 530 627 582 tibi

216 605 376 673 Rerumque
393 603 517 673 prudens
534 608 565 657 et
582 603 708 659 secundis

251 680 430 748 Temporibus
448 679 594 748 dubiisque
612 685 711 745 rectus,

181 756 292 810 Vindex
310 772 408 809 avarae
425 754 539 823 fraudis,
558 760 588 810 et
605 754 745 811 abstinens

180 832 316 887 Ducentis
334 832 370 885 sd
388 849 418 885 se
435 835 535 885 cuncte
551 831 689 900 pecuniae,

217 908 372 977 Consulque
388 924 443 960 non
460 907 542 960 unius
558 907 640 975 anni*

251 984 307 1037 bled
324 984 431 1052 quoties
449 982 536 1035 bonus
553 987 637 1051 utque
655 981 727 1035 lidus

180 1059 201 1113 J
203 1059 276 1113 udcx
293 1058 437 1111 honestum
454 1058 588 1126 praetulit
605 1058 675 1125 utili,

181 1134 293 1201 Rejecit
310 1134 366 1187 alto
384 1133 456 1186 dona
472 1134 629 1186 nocentium

216 1209 312 1275 Vultu,
330 1226 381 1277 per
398 1209 540 1262 obstantes
558 1213 683 1263 catenas

250 1285 389 1352 Explicuit
407 1301 456 1338 sua
473 1284 561 1338 victor
577 1301 660 1337 arma.

180 1360 244 1415 Non
261 1361 447 1429 possidentem
465 1360 553 1413 multa
569 1360 709 1415 vocaveris

182 1436 270 1492 Recte
288 1436 417 1491 beatum:
436 1438 539 1489 rectius
556 1442 671 1504 occupat

216 1513 324 1567 Nomen
342 1511 418 1566 beati
435 1512 482 1581 qui
501 1512 615 1564 deorum
633 1517 638 1527 ‘

251 1586 413 1641 Muneribus
432 1586 573 1655 sapienter
589 1587 631 1640 uti

181 1662 342 1731 Duramque
359 1662 440 1715 callet
457 1662 615 1731 pauperiem
633 1665 698 1731 pati,

183 1738 322 1806 l'ejusque
338 1738 395 1791 leto
412 1737 547 1805 flagitium
565 1738 654 1806 timet,

216 1813 280 1867 Non
297 1812 344 1866 ille
361 1828 411 1881 pro
429 1813 499 1865 caris
517 1813 610 1865 amicis

252 1890 313 1942 Aut
329 1887 419 1956 patrie
436 1886 551 1941 timidus
568 1887 665 1956 perire.

112 2118 139 2170 Ο
156 2127 293 2168 cenantis
312 2114 401 2167 adhue
419 2117 448 2168 et
466 2114 583 2166 Veneris
600 2114 758 2167 muneribus
775 2116 881 2181 potens,

112 2188 259 2257 insperata
276 2193 342 2242 tuae
360 2204 422 2241 cum
440 2190 532 2242 veniet
548 2190 641 2256 pluma
658 2188 808 2256 superbiae,

113 2265 152 2317 Et
169 2280 239 2332 quae
256 2279 328 2317 nunc
346 2264 466 2317 humeris
484 2264 628 2316 involitant
645 2262 798 2316 deciderint
815 2280 914 2332 comae,

111 2340 139 2393 N
142 2355 194 2392 unc
212 2342 242 2393 et
259 2340 307 2408 qui
325 2337 398 2391 color
415 2341 459 2392 est
476 2338 607 2407 puniceae
624 2338 691 2391 flore
707 2339 783 2405 prior
799 2355 877 2393 rosae

111 2414 240 2469 Mutatus
258 2414 420 2482 Ligurinum
437 2414 466 2466 in
484 2414 580 2466 faciem
597 2413 712 2467 verterit
729 2413 871 2483 hispidam,
915 2432 928 2472 t

112 2490 198 2544 Dices
215 2489 270 2543 heu
288 2490 414 2558 quotiens
431 2492 461 2542 te
480 2488 589 2556 speculo
606 2488 707 2542 videris
725 2490 857 2545 alterum:

113 2565 213 2629 “Quae
230 2580 308 2618 mens
325 2568 368 2617 est
385 2564 474 2631 hodie,
492 2580 541 2618 cur
558 2564 652 2616 eadem
669 2581 724 2617 non
741 2581 826 2633 puero
843 2566 915 2622 suitl

114 2641 168 2697 Vel
185 2656 235 2695 cur
251 2640 294 2693 his
307 2639 405 2693 animis
418 2639 566 2693 incolumes
583 2655 637 2692 non
655 2640 771 2693 redeunt
783 2643 906 2707 geueel”

477 2781 530 2835 XI.

219 2864 274 2920 Esr
291 2864 358 2917 mihi
375 2880 475 2916 nonum
493 2865 647 2932 superantis
664 2882 764 2919 annum

220 2940 321 2993 l'lenus
339 2940 440 2993 Albani
458 2940 558 3003 cadus3
576 2940 664 2993 estin
682 2940 766 3011 horto,

160 3062 172 3088 „
220 3014 314 3083 Phylli,
332 3014 473 3067 nectendis
491 3014 583 3079 apium
600 3013 704 3068 coronis
713 3033 722 3078 3

254 3090 305 3143 Est
321 3089 440 3141 hederae
456 3086 498 3138 vis
