2025 3409
345 57 559 106 SATIRARUM
576 57 598 105 I.
616 59 641 105 2.
870 54 915 101 lor

58 136 208 203 labescat,
227 154 319 204 neque
336 153 367 189 so
383 136 479 204 majori
495 136 687 204 pauperiorum

58 210 177 266 Turbae
194 216 340 279 comparet,
359 210 430 263 hunc
447 214 531 279 atque
550 210 621 262 hunc
640 223 768 275 superare
785 205 898 258 laboret.

58 288 108 341 Sic
126 287 272 340 festinanti
290 302 398 353 sempor
414 285 574 353 locupletior
590 284 689 348 obstat,

58 363 111 430 Ut,
131 379 218 430 quum
236 358 390 414 carceribus
407 360 504 413 missos
521 360 594 428 rapit
610 358 712 425 ungula
729 372 831 420 currus,

60 438 162 491 Instat
179 438 257 504 equis
274 436 369 503 auriga
386 452 449 488 suos
466 436 643 501 vincentibus,
661 434 736 486 illum
882 444 915 485 nt

61 512 256 565 Praeteritum
273 512 399 564 temnens
416 515 553 564 extremos
571 512 643 563 inter
660 513 777 561 euntem.

62 587 141 641 Inde
159 588 191 641 rt
207 591 239 640 ut
256 603 318 639 raro
335 587 383 654 qui
400 602 430 639 se
446 587 546 640 vixisse
563 586 673 639 beatum

61 661 158 729 Dicet
176 665 206 715 et
224 665 320 715 exacto
337 665 481 715 contentus
497 667 622 730 tempore
639 662 696 713 vita

63 736 159 790 Cedat
176 738 219 790 uti
237 736 356 789 conviva»
366 740 449 803 satur,
467 738 589 805 reperire
606 750 742 804 queamus.

63 812 135 864 Jum
152 814 219 865 satis
236 815 287 864 est.
321 811 348 863 N
350 828 366 863 e
382 828 427 864 me
445 811 562 880 Crispini
580 812 676 863 scrinia
693 809 759 876 lippi
883 821 915 859 rar

64 886 237 955 Compilasse
254 890 343 953 putes,
361 886 474 939 verbum
491 902 546 939 non
562 885 677 953 amplius
694 884 800 937 eddom.

476 1026 516 1081 ΙΙ.

36 1085 39 1090 ’
67 1110 291 1162 Annunsrssmr
308 1108 427 1177 collegia,
444 1107 675 1176 pharmacopolae,

67 1182 199 1252 Mendici,
217 1184 323 1250 mimae,
341 1184 502 1247 balatrones,
520 1184 571 1237 hoc
587 1200 673 1250 genus
690 1198 770 1237 omne

68 1258 209 1313 Maestum
226 1276 259 1312 ac
276 1260 420 1313 sollicitum
438 1264 480 1312 cst
496 1263 615 1312 cantoris
632 1263 720 1312 morte
738 1257 840 1325 Tigelli.

62 1332 178 1403 ,Quippe
195 1334 330 1401 benignus
347 1339 414 1388 erat.
449 1334 552 1388 Contra
569 1334 620 1398 hie,
638 1351 673 1387 ne
690 1334 821 1402 prodigus
839 1348 899 1385 esse

69 1407 188 1463 Dicatur
204 1413 336 1476 metuens,
353 1409 427 1478 inopi
444 1410 511 1463 dare
528 1410 597 1463 nolit
615 1409 699 1461 amico
904 1422 916 1461 o

69 1482 171 1553 Frigus
188 1501 243 1553 quo
260 1485 410 1553 duramque
427 1486 527 1539 famem
544 1485 694 1553 propellere
712 1484 804 1551 possit

70 1558 153 1613 Hunc
171 1560 194 1612 si
210 1559 380 1627 perconteris
396 1562 440 1613 avi
458 1578 506 1614 cur
523 1565 607 1629 atquc
624 1568 744 1628 parentis

70 1632 242 1688 Praeclaram
260 1635 367 1702 ingrata
385 1638 501 1703 stringat
519 1636 606 1689 malus
623 1636 741 1703 ingluvie
759 1649 824 1703 rem,

70 1707 170 1762 Omnia
186 1712 327 1763 conductis
344 1717 469 1764 coimcns
486 1712 598 1765 obsonia
614 1712 738 1772 nummis,

69 1783 205 1837 Sordidus
222 1789 305 1853 atque
322 1788 405 1839 animi
422 1787 496 1854 quod
513 1787 589 1855 parvi
607 1786 674 1838 nolit
691 1785 793 1850 haberi,
897 1798 917 1837 ιο

70 1857 238 1929 Respondet.
274 1860 415 1915 Laudatur
431 1862 467 1915 ab
484 1862 532 1928 his,
552 1862 676 1928 culpatur
694 1860 728 1913 ab
746 1861 807 1912 illis.

71 1934 196 1989 Fufidius
214 1952 316 2003 vappae
335 1936 434 1990 lamam
451 1937 532 1991 timet
550 1953 581 1989 ao
598 1936 745 2001 nebulonis,

70 2009 155 2063 Dives
173 2012 252 2078 agris,
271 2011 347 2064 diros
364 2012 460 2080 positis
477 2013 505 2063 in
524 2014 615 2065 fenore
633 2012 767 2065 nummis:

70 2085 174 2148 Quinss
192 2088 236 2139 tic
253 2087 336 2153 capiti
353 2088 492 2140 mercedes
510 2091 619 2140 exsecet
637 2091 719 2155 atque

71 2162 180 2222 Quanto
197 2162 331 2228 perditior
348 2163 463 2231 quisque
481 2168 525 2216 est
542 2167 620 2215 tanto
638 2163 726 2214 acrius
744 2163 839 2227 nrgot;
897 2172 918 2211 1⁵

69 2235 190 2288 Nomina
207 2241 328 2290 sectatur
345 2238 426 2290 modo
443 2242 553 2306 sumpta
570 2242 646 2291 veste
663 2237 733 2290 virili

70 2310 129 2364 Sub
145 2310 272 2380 patribus
290 2312 366 2366 duris
383 2314 510 2366 tironum.
546 2313 671 2380 Maxime,
690 2313 751 2381 quis
769 2328 830 2378 non,

70 2386 218 2456 Juppiter!
238 2387 373 2440 exclamat
390 2388 470 2441 simul
488 2393 572 2457 atque
590 2389 693 2441 audivit
704 2394 713 2443 'l
750 2390 790 2441 At
808 2390 835 2440 iu
854 2405 883 2441 se

71 2462 126 2515 l'ro
144 2467 261 2532 quaestu
279 2467 416 2531 sumptum
433 2462 499 2517 facit
516 2465 566 2517 hic.
602 2464 657 2516 Vix
674 2464 787 2517 credere
806 2466 891 2531 possis

72 2541 160 2602 Quam
173 2538 226 2591 sibi
243 2555 296 2591 non
314 2539 350 2591 sit
367 2540 475 2605 amicus,
492 2540 533 2593 ita
549 2543 581 2593 ut
598 2544 677 2607 pater
693 2540 739 2593 ille
757 2541 867 2593 Terenti
894 2557 916 2594 eo

73 2613 177 2666 Fabula
194 2629 277 2683 quem
294 2615 423 2667 miserum
440 2618 523 2681 gnato
540 2614 640 2667 vixisse
657 2615 749 2680 fugato

15 2715 16 2748 3
74 2689 184 2742 inducit
201 2705 256 2741 non
274 2705 304 2743 se
320 2690 400 2758 pejus
417 2690 577 2743 cruciaverit
594 2696 677 2757 atquo
694 2689 744 2741 hic.

15 2781 16 2800 ³
71 2765 100 2818 ili
117 2765 180 2835 quis
197 2782 215 2817 n
227 2782 268 2819 mc
285 2769 407 2833 quaerat,
426 2764 485 2828 Quo
502 2782 547 2818 res
564 2766 630 2817 haec
647 2765 788 2831 pertinet?
806 2766 885 2820 illuc:

15 2903 17 2980 l

72 2841 143 2893 Dum
162 2842 250 2893 ritant
267 2841 344 2894 stulti
361 2842 428 2894 vitia
445 2841 473 2892 in
490 2842 625 2894 contraria
642 2845 762 2895 currunt,

72 2916 203 2970 Maltinus
220 2918 319 2969 tunicis
336 2916 459 2969 demissis
477 2914 615 2978 ambulat3
633 2919 675 2967 est
693 2916 740 2983 qui
895 2931 917 2971 rs

15 2983 16 3054 ἕ
74 2991 179 3059 Inguen
197 2990 234 3043 ad
251 2992 412 3044 obscoenum
430 2990 572 3041 subductis
590 3004 675 3056 usque
693 2992 813 3056 facetus;

76 3065 200 3120 Pastillos
219 3064 335 3119 Rufillus
351 3065 415 3134 olet,
433 3064 584 3131 Gargonius
601 3062 713 3117 hircum.
