2025 3409
92 64 123 112 os
382 60 590 111 cassinium
605 60 660 111 111.
678 62 717 111 30.

231 140 354 197 Fortuna
371 156 451 194 saevo
468 140 542 195 laeta
558 141 669 209 negotio
685 144 715 195 et

230 216 340 272 laudum
357 215 521 269 insolentem
537 216 634 269 ludere
650 215 778 284 pertinax

265 291 441 345 Transmutat
457 291 577 345 incertos
594 292 718 358 honores,

300 366 326 419 N
328 383 380 421 uno
396 367 470 434 mihi,
487 383 559 420 nuno
576 367 622 420 alii
641 367 764 435 benigna.

231 442 326 498 Laudo
343 447 516 508 manentem
533 442 556 495 si
573 443 675 496 celeres
692 444 782 511 quatit

231 518 340 573 Pennas
356 518 465 587 resigno
483 535 554 587 quae
571 518 656 585 dedit,
674 522 704 571 et
720 535 782 574 mea

266 594 379 657 Virtute
396 611 441 647 me
458 594 564 647 involvo
579 593 747 663 probamque
913 614 934 652 ss
984 617 985 622 ¹

302 668 463 739 Pauperiem
481 668 540 723 sine
557 669 622 723 dote
639 685 746 737 quaero.

153 756 158 765 “
231 742 296 799 Non
313 747 357 798 est
373 760 465 797 meum
483 743 506 796 si
523 744 629 812 mugiat
646 744 747 798 Africis

232 818 323 873 Malus
340 818 465 887 procellis
482 819 519 873 ad
536 820 649 873 miseras
665 835 760 886 preces
986 819 988 926 y

265 894 427 961 Deourrere‚
444 897 474 949 et
490 895 562 948 votis
578 894 677 963 paoisei

301 970 346 1024 Ne
363 970 476 1037 Cypriae
494 970 643 1038 Tyriaeque
660 986 764 1025 meroes
914 988 936 1026 so

233 1044 349 1101 Addant
366 1061 447 1098 avaro
464 1044 574 1099 divitias
590 1046 675 1099 mari:
870 1104 873 1112 ,
979 995 989 1103 l

233 1122 309 1175 luno
324 1137 369 1175 me
386 1119 497 1175 biremis
514 1121 651 1190 praesidio
668 1121 783 1189 scaphae

267 1195 367 1250 Tutum
385 1211 435 1263 per
454 1198 579 1263 Aegaeos
595 1196 729 1251 tumultus

301 1272 381 1323 Aura
397 1270 468 1325 feret
485 1272 664 1340 geminusque
682 1271 786 1327 Pollux.

476 1416 567 1473 XXX.
667 1443 682 1475 s
989 1343 990 1406 l

233 1500 324 1555 Exsor
341 1503 544 1554 monumentum
562 1516 627 1555 aere
642 1496 787 1569 perennius
809 1495 814 1533 l

233 1575 382 1644 Regalique
399 1576 454 1628 situ
470 1576 640 1644 pyramidum
657 1576 746 1643 altius,
819 1631 826 1652 ,

232 1650 313 1715 Quod
329 1667 383 1704 non
400 1650 488 1705 imber
505 1651 583 1717 edax,
601 1668 655 1705 non
674 1651 775 1721 Aquilo
791 1652 922 1721 impotens

233 1726 323 1779 Possit
341 1726 450 1779 diruere
468 1730 517 1779 aut
533 1726 751 1780 innumerabilis·
942 1789 948 1796 Ι

232 1803 374 1856 Annorum
392 1803 476 1855 series
493 1805 523 1855 et
539 1802 604 1868 fuga
620 1804 780 1870 temporum.
924 1816 936 1859 t

231 1877 258 1930 N
260 1892 295 1929 on
310 1876 398 1929 omnis
414 1876 522 1944 moriar,
540 1877 681 1945 multaque
696 1892 761 1945 pars
777 1881 833 1932 moi

232 1952 341 2005 Vitabit
358 1952 522 2005 Libitinam:
538 1967 626 2021 usque
643 1968 694 2019 ego
709 1956 820 2020 postera

232 2027 359 2080 Gresoam
376 2025 456 2080 laude
473 2027 651 2099 recens-,dum
670 2027 832 2096 Capitolium

232 2102 352 2167 Seaudet
368 2118 429 2156 oum
446 2102 531 2155 tabita
546 2102 651 2169 virgine
667 2102 798 2169 pontifex,

232 2176 315 2230 Dicar
332 2192 387 2245 qua
403 2176 505 2229 violens
522 2175 657 2245 obstrepit
674 2177 792 2231 Aufidus
916 2193 936 2233 ro

231 2250 270 2305 Et
286 2267 341 2319 qua
357 2267 460 2319 pauper
477 2268 565 2319 aquae
582 2251 695 2306 Daunus
712 2252 859 2321 agrestium

232 2325 367 2393 Remeat
384 2326 552 2395 populorum,
569 2342 605 2380 ex
621 2326 716 2380 humili
733 2332 837 2396 potens,

97 2402 102 2412 “
137 2438 141 2455 ,
156 2428 165 2460 1,
209 2455 217 2477 ¹
232 2400 363 2469 Princeps
381 2400 507 2455 Aeolium
524 2417 634 2455 carmen
650 2402 687 2455 ad
705 2402 790 2456 Italos

80 2507 85 2534 r
173 2504 177 2509 ·
232 2475 386 2529 Dedurisse
402 2475 505 2530 modos.
539 2476 622 2530 Sumo
639 2476 794 2545 superbiam

232 2550 389 2613 Quaesitum
406 2551 512 2604 meritis
529 2555 558 2604 et
574 2551 641 2603 mihi
659 2551 792 2621 Delphloa
816 2542 905 2623 Πρβ
915 2568 937 2609 1⁵

231 2624 323 2681 lauro
339 2626 416 2695 cinge
433 2625 534 2698 rolens,
550 2626 730 2699 Melpomene,
747 2641 863 2683 oomam.
