2025 3409
66 40 114 89 208
339 38 491 89 nouam
507 37 638 89 etheel

67 117 198 174 Offendar
214 118 334 188 maculis,
353 134 421 188 quus
437 114 487 172 aut
503 118 609 173 incuria
625 118 698 174 ludit

67 195 127 249 Aut
144 190 263 248 humana
280 210 376 263 parum
395 192 466 248 eavit
483 196 589 249 natura.
626 194 699 259 Quid
717 212 782 265 ergo
800 196 861 252 esti

66 267 108 323 Ut
125 270 241 337 scriptor
258 270 282 323 si
300 271 394 338 peceat
411 257 485 325 idem
502 264 631 324 librarius
648 287 735 339 usque

67 344 196 407 Quamvis
212 347 257 398 cst
273 345 393 399 monitus
410 345 489 398 venia
507 346 597 409 caret;
614 349 646 399 ut
663 339 837 399 citharoedus
878 362 916 403 aas

67 419 186 475 Ridetur
204 420 306 474 chorda
323 420 371 489 qui
389 436 496 487 semper
514 419 624 474 oberrat
642 420 753 476 eadem:

66 495 112 551 Sic
129 496 196 551 mihi
214 497 262 564 qui
279 497 395 550 multum
412 498 501 551 cessat
519 496 553 549 fit
573 495 715 550 Choerilus
732 497 786 565 ille,

67 572 155 638 Quem
172 569 216 627 bis
233 575 311 626 terve
328 563 428 625 bonum
445 587 507 624 cum
527 572 583 624 risu
601 572 701 637 miror;
719 577 748 627 et
766 573 840 628 idem

68 649 201 718 Indignor
219 647 381 717 quandoque
399 645 486 699 bonus
505 645 638 700 dormitat
656 647 808 714 Homerus;

68 725 181 791 (Verum
201 723 275 792 operi
293 721 373 789 longo
391 722 432 775 fas
450 723 494 774 cst
512 721 644 789 obrepere
663 726 801 790 somnum.)
882 740 918 779 eus

67 800 108 855 Ut
125 801 233 869 pictura
251 797 354 866 poesis:
371 796 425 850 erit
443 812 513 862 quae
532 796 555 848 si
574 798 685 865 propius
702 800 760 851 stes

67 875 106 929 'le
122 875 212 943 capiat
230 872 324 940 magis,
344 874 373 925 et
392 870 528 939 quaedam
548 871 571 924 si
590 871 696 940 longius
714 872 813 929 abstes.

68 950 146 1004 Haec
162 952 236 1003 amat
253 948 404 1014 obscurum,
422 945 496 1000 volet
515 947 582 1000 haec
599 947 654 1000 sub
667 948 728 1003 luce
744 950 839 1019 rideri,

67 1025 176 1079 Judicis
193 1027 322 1093 argutum
339 1038 410 1091 quae
426 1038 480 1074 non
498 1022 630 1077 formidat
649 1039 762 1078 acumen
771 1046 778 1091 ;

68 1100 147 1155 Haec
164 1100 266 1170 placuit
283 1097 375 1165 semel,
392 1096 459 1151 haec
478 1096 569 1151 decies
587 1100 706 1168 repetita
724 1100 849 1170 placebit
881 1116 919 1157 sos

68 1176 93 1230 0
111 1177 200 1246 major
214 1175 354 1243 juvenum,
373 1172 496 1241 quamvis
515 1176 545 1228 et
563 1190 629 1228 roco
647 1178 763 1243 paterna

68 1251 193 1320 Fingeris
210 1250 246 1304 ad
262 1254 368 1303 rectum
386 1252 415 1303 et
431 1264 482 1317 per
498 1252 528 1302 te
545 1250 626 1318 sapis,
644 1249 763 1305 hoc‘tibi
781 1250 885 1306 dictum

69 1327 144 1381 Tolle
162 1343 274 1392 memor,
292 1325 375 1380 certis
393 1324 514 1378 medium
533 1328 562 1378 et
579 1325 722 1379 tolerabile
739 1326 821 1380 rebus

69 1402 155 1457 Recte
173 1401 290 1456 concedi.
326 1399 471 1455 consultus
485 1398 558 1467 juris
579 1403 608 1454 et
627 1404 702 1455 actor
923 1453 927 1459 ,

69 1479 218 1533 Causarum
236 1475 380 1529 mediocris
398 1474 476 1528 abest
492 1474 597 1528 virtute
614 1474 711 1529 diserti
883 1493 921 1533 rra

69 1554 214 1607 Messallae
234 1568 284 1604 nec
302 1550 354 1604 scit
372 1553 504 1618 quantum
524 1550 670 1604 Cascellius
689 1552 784 1620 Aulus,

69 1628 125 1683 Sed
143 1630 236 1680 tamen
252 1626 282 1679 in
299 1624 390 1693 pretio
408 1628 464 1677 est:
482 1625 665 1679 mediocribus
683 1642 742 1681 esse
759 1626 848 1695 poetis

70 1704 94 1757 N
98 1721 133 1758 on
150 1701 281 1767 homines,
300 1716 353 1753 non
372 1698 409 1766 di,
426 1716 480 1753 non
500 1716 658 1755 concessere
675 1702 822 1755 columnae.

70 1780 111 1834 Ut
128 1782 220 1847 gratas
238 1778 311 1831 iuter
328 1791 436 1829 mensas
455 1775 615 1842 symphonia
633 1776 737 1830 discors

71 1856 108 1909 lit
119 1869 238 1908 crassum
249 1854 418 1920 unguentum
430 1854 459 1904 et
471 1849 559 1904 Sardo
571 1867 631 1904 cum
644 1851 723 1905 melle
734 1868 853 1920 papaver
883 1868 921 1907 ars

71 1929 227 1994 Offendunt,
245 1929 354 1996 poterat
372 1924 435 1979 duci
456 1924 520 1993 quia
539 1942 622 1979 coena
643 1927 701 1980 sine
718 1927 791 1980 istis:

71 2005 116 2059 Sic
132 2004 229 2058 animis
246 2005 342 2055 natum
359 2000 556 2069 inventumque
573 2006 670 2069 poima
683 2001 820 2071 juvandis,

72 2080 101 2134 si
118 2079 230 2149 paulum
248 2092 352 2131 summo
371 2075 489 2129 decessit
505 2078 597 2143 vergit
612 2076 649 2130 ad
668 2077 759 2132 imum.

73 2156 181 2208 Ludere
199 2154 247 2223 qui
264 2152 351 2205 nescit
369 2150 568 2219 campestribus
586 2151 705 2206 abstinet
722 2152 812 2218 armis,

73 2230 258 2297 indoctusque
275 2227 347 2295 pilae
366 2225 467 2279 discive
484 2225 606 2280 trochive
623 2227 745 2295 quiescit,
885 2244 925 2285 aso

72 2307 116 2360 Ne
135 2306 236 2373 spissae
254 2303 339 2355 risum
358 2301 458 2354 tollant
476 2301 587 2370 impune
605 2318 732 2357 coronae:

73 2382 126 2446 Qui
144 2380 231 2433 nescit
248 2393 344 2432 vorsus
362 2380 454 2429 tamen
472 2376 557 2430 audet
574 2376 686 2444 fingere.
722 2378 842 2442 Quidni?

72 2456 157 2511 Liber
174 2457 204 2509 et
221 2455 362 2521 ingenuus,
380 2452 542 2519 praesertim
562 2468 658 2505 census
677 2457 833 2521 equestrem

73 2532 211 2587 Summam
228 2543 399 2581 nummorum
418 2527 539 2595 vitioque
557 2530 678 2581 remotus
696 2527 730 2581 ab
747 2529 829 2585 omni.

73 2608 114 2660 Tu
131 2606 199 2659 nihil
219 2605 306 2657 iuvita
324 2602 399 2656 dices
416 2602 534 2655 faciesve
553 2602 692 2667 Minerva3
885 2620 923 2661 sss

74 2683 109 2736 Id
127 2681 179 2735 tibi
193 2679 329 2749 judicium
348 2680 399 2745 est,
417 2693 451 2731 ea
468 2694 554 2731 mens.
590 2676 619 2731 si
638 2678 705 2745 quid
722 2682 814 2733 tamen
831 2679 896 2733 olim

73 2756 219 2823 Scripsoris
236 2754 264 2806 in
284 2752 375 2805 Maeci
393 2752 542 2806 descendat
557 2750 659 2820 judicis
678 2769 759 2806 aures

73 2830 111 2882 Et
126 2828 212 2895 patris
231 2832 260 2880 ct
277 2830 392 2892 nostras,
410 2841 565 2893 nonumque
582 2830 723 2894 prematur
739 2828 768 2880 in
785 2845 893 2898 annum,

73 2900 241 2953 Mcmbranis
257 2901 331 2953 intus
348 2899 458 2967 positis:
476 2900 570 2954 dolere
587 2901 681 2957 licebit

73 2973 154 3037 Quod
169 2987 224 3023 non
240 2973 373 3036 edideris;
390 2973 477 3027 nescit
494 2990 546 3027 rox
564 2975 647 3029 missa
664 2978 772 3031 reverti.
886 2996 924 3037 aaa

74 3042 218 3097 Silvestres
234 3044 357 3096 homiues
373 3060 450 3097 sacer
466 3047 657 3115 interpresque
674 3051 789 3106 deorum
