2025 3409
335 74 481 125 EPODON
498 75 616 131 LIBER,
636 77 658 121 5.

162 160 271 220 contra
287 158 406 210 latrones
424 160 509 223 atque
528 154 654 205 servilem
672 168 782 205 uranum

205 234 272 299 llos,
291 222 341 285 hoc
359 232 469 285 tribuno
488 229 622 283 militumi

166 463 245 525 “Aa
264 476 280 511 o
298 459 411 512 deorum
429 456 566 524 quidquid
582 455 611 508 iu
629 455 704 508 caelo
722 453 794 521 regit

204 534 303 587 Terras
320 537 349 585 et
367 532 516 585 humanum
533 547 627 597 genus,

168 607 244 675 Quid
261 608 315 661 iste
332 608 387 659 fert
405 606 561 659 tumultusl
579 608 628 657 aut
645 604 713 672 quid
729 603 847 656 omnium

205 682 308 736 Vultus
325 682 353 734 in
371 695 519 733 unum-me
536 679 647 731 trucesl

169 762 227 815 Per
244 757 345 811 liberos
362 760 399 821 te,
418 754 440 807 si
459 757 555 806 vocata
572 751 705 821 partubus

205 834 308 887 Lucina
325 832 398 885 vcris
416 829 501 894 affuit,

171 911 227 965 I'er
243 908 295 961 hoc
312 907 392 959 inane
410 920 549 974 purpurae
567 902 651 955 decus
667 918 772 969 precor,

206 984 262 1037 Per
278 981 496 1050 improbaturum
515 978 582 1029 haec
599 977 618 1029 J
620 993 704 1041 ovem,

172 1058 246 1124 Quid
264 1062 296 1112 ut
313 1071 430 1109 noverca
447 1070 491 1105 me
510 1051 625 1105 intueris
643 1057 692 1103 aut
709 1051 750 1103 uti

207 1134 300 1187 Petita
316 1133 389 1186 ferro
406 1127 534 1182 bellual’'

171 1211 213 1265 Ut
230 1208 298 1263 haec
315 1205 445 1261 trementi
464 1206 578 1272 questus
595 1217 643 1255 ore
660 1201 785 1253 constitit

209 1283 368 1351 Insignibus
385 1280 473 1349 raptis
490 1295 568 1346 puer,

173 1359 291 1428 Inrpubo
309 1373 405 1425 corpus
423 1354 503 1423 quale
521 1355 616 1420 posset
635 1350 719 1417 impia

208 1435 319 1489 Mollire
338 1434 473 1485 Thracum
491 1433 611 1497 pectora,

174 1509 290 1566 Canidia
307 1505 436 1560 brevibus
453 1503 592 1570 implicata
610 1500 711 1568 viperis

210 1584 307 1639 Orines
326 1585 354 1635 et
371 1581 540 1647 incomptum
557 1579 639 1645 caput

175 1660 265 1715 Jubet
283 1656 414 1725 sepulcris
432 1652 572 1721 caprificos
590 1654 690 1717 erutas,

209 1735 298 1788 lubet
315 1745 457 1799 cupressus
474 1726 611 1792 funebres,

175 1811 212 1865 Et
230 1814 314 1864 uncta
330 1805 420 1873 turpis
437 1820 489 1856 ora
506 1818 590 1855 ranae
607 1799 745 1866 sanguine,

212 1886 390 1950 Plumamque
408 1884 557 1933 noctiunac
575 1875 676 1943 strigis,

177 1960 343 2026 Herbasque
362 1971 429 2024 quas
449 1953 537 2005 Iolcos
555 1955 639 2019 atque
658 1948 773 2002 Hiberia

211 2034 303 2087 Mittit
320 2044 484 2085 venenorum
502 2028 587 2092 ferax,

177 2107 214 2163 m
232 2124 294 2161 ossa
311 2106 346 2159 ab
364 2121 411 2157 ore
429 2106 509 2169 rapta
523 2101 636 2168 jejunae
654 2099 726 2152 canis

213 2179 343 2237 Flammis
360 2177 439 2230 aduri
459 2176 595 2229 Colchicis

183 2263 221 2316 At
238 2255 368 2324 expedita
386 2252 492 2319 Sagana
509 2266 559 2316 per
576 2252 662 2303 totam
680 2247 791 2301 doraum

196 2335 350 2401 'Spargcns
370 2326 519 2380 Avernales
537 2340 621 2393 equas

179 2409 286 2464 llorret
304 2403 414 2473 capillis,
429 2410 461 2455 ut
479 2400 600 2453 marinus
617 2395 718 2465 asperis

215 2483 334 2537 Echinus
352 2480 399 2532 aut
417 2492 528 2529 currens
545 2491 617 2542 aper.

180 2560 289 2615 Abacta
305 2555 380 2608 nulla
397 2552 467 2605 Veia
485 2549 648 2603 conscientia

215 2631 363 2701 ligonibus
380 2628 456 2681 duris
473 2627 585 2680 humum

180 2705 369 2763 Exhauriebat
387 2704 528 2771 ingemens
545 2701 689 2765 laboribus,

215 2784 275 2848 Quo
292 2782 384 2850 posset
402 2778 517 2830 infossus
534 2792 602 2844 puer

181 2858 275 2924 Longo
294 2856 339 2907 die
356 2854 399 2906 bis
416 2856 515 2919 terque
532 2854 655 2903 mutatae
673 2851 751 2920 dapis

218 2930 336 2985 lnemori
355 2927 513 2997 spectaculo,

183 3008 253 3063 Cum
270 2992 438 3073 promineret
456 3017 502 3052 oro
522 3004 653 3065 quantum
672 3001 781 3049 exstant
799 3013 869 3063 aqua
908 3008 931 3050 sc

217 3082 356 3148 Suspenso
373 3078 465 3128 mento
484 3087 612 3139 corpora5
