2025 3409
368 64 584 114 SATIRARUM
601 63 638 114 H.
657 65 679 112 8.
896 68 939 121 157

91 143 236 211 Ridiculus
253 148 327 200 totas
344 144 428 200 semel
445 144 593 198 obsorbere
610 143 762 213 placentas3

91 222 283 275 Nomentanus
300 220 337 273 ad
353 220 412 287 hoo,
429 221 477 289 qui
494 220 518 272 si
536 218 603 288 quid
620 220 691 273 forte
709 219 809 277 lateret
919 239 942 277 rs

92 295 191 350 Indice
208 300 374 350 monstraret
391 297 492 363 digito:
511 312 574 349 nam
591 299 684 349 cetera
701 295 790 361 turba,

92 372 119 425 N
121 390 160 439 os,
177 373 297 440 inquam,
315 388 458 425 eoenamus
475 386 547 437 ares,
564 370 708 437 conchylia,
725 371 820 441 pisces,

92 446 189 515 Longe
205 446 366 500 dissimilem
382 451 447 501 noto
465 446 582 499 oelantia
599 462 722 511 suocum;

91 523 136 577 Ut
152 523 196 576 vel
214 523 341 576 continuo
358 522 455 590 patuit,
472 538 534 575 cum
551 521 670 590 passeris
687 526 771 591 atque

93 598 240 666 Ingustata
257 597 323 650 mihi
339 601 498 666 porrexerat
516 597 563 650 ilia
579 596 692 650 rhombi.
922 615 944 653 rr

93 673 163 728 Post
180 673 231 727 hoc
248 690 293 726 me
311 672 404 727 docuit
420 672 556 725 melimela
573 670 673 725 rubere
691 672 822 727 minorem

95 748 144 802 Ad
161 748 253 801 lunam
272 748 385 801 delecta
420 747 493 811 Quid
510 747 561 800 hoo
577 747 687 801 intersit
704 747 739 800 ab
756 749 815 816 ipso

0 884 1 889 Ἰ
95 823 229 877 Audieris
246 824 350 877 molius
385 822 454 876 'lum
473 822 601 875 Vibidius
620 823 772 877 Balatroni:

3 951 9 970 s
95 899 122 951 N
124 915 155 951 os
172 899 226 951 nisi
243 898 373 953 damnose
390 897 510 951 bibimus
527 898 673 951 moriemur
690 898 783 955 inulti:

2 973 6 1024 ἓ
95 974 134 1028 lst
151 974 248 1028 calices
265 974 354 1043 poscit
370 974 495 1041 majores.
532 972 649 1027 Vertere
667 974 753 1042 pallor
923 990 946 1029 ss

4 1089 8 1098 .
95 1050 166 1102 'lum
183 1049 294 1118 parochi
311 1050 408 1103 faeiem
425 1049 464 1102 nil
481 1049 521 1102 sio
537 1050 684 1102 metuentis
698 1046 733 1102 'ut
750 1064 827 1105 acres

96 1126 221 1193 Potores,
238 1125 282 1179 rel
299 1125 373 1194 quod
390 1124 461 1179 male
478 1124 573 1178 dicunt
590 1124 702 1177 liberius
718 1126 762 1179 vel

97 1200 218 1255 Fervida
234 1200 308 1269 quod
325 1200 426 1254 subtile
443 1199 594 1254 exsurdant
611 1200 675 1253 rina
691 1200 820 1269 palatum.

97 1277 247 1329 Invertunt
265 1276 391 1329 Allifanis
408 1276 511 1328 vinaria
528 1278 588 1328 tote

97 1350 227 1404 Vibidius
246 1351 419 1418 Balatroque,
438 1350 539 1403 secutis
556 1349 696 1414 omnibus;
712 1351 761 1405 imi
925 1367 949 1405 eo

97 1427 234 1481 Convivae
250 1426 315 1480 lecti
332 1426 444 1479 nihilum
462 1441 580 1478 nocuere
596 1423 708 1493 lagenis.

3 1506 12 1557 .'
98 1502 224 1556 Affertur
241 1501 352 1570 squillas
369 1501 442 1554 inter
458 1516 589 1553 muraena
604 1504 730 1554 natantes

97 1578 134 1631 In
141 1577 373 1645 patinaporreota.
390 1575 946 1645 Subhocherus:‘Haecgrnvida,’inquit,

97 1653 204 1721 ‘Capta
221 1655 271 1717 est,
290 1651 410 1705 deterior
426 1654 489 1719 post
506 1654 614 1719 partum
633 1667 713 1704 carne
729 1652 830 1707 lutura.

98 1728 154 1781 His
171 1728 287 1781 mixtum
301 1726 349 1794 jus
366 1731 424 1781 est:
442 1726 502 1779 oleo
520 1726 593 1795 quod
608 1727 696 1794 prima
714 1726 826 1782 Venafri
925 1754 946 1791 ⁴5

0 1868 1 1873 ἵ
99 1803 207 1857 Pressit
223 1803 307 1867 cella3
322 1818 389 1869 garo
406 1803 442 1855 de
459 1803 546 1854 succis
563 1802 644 1869 piscis
663 1801 773 1869 Hiberi;

0 1876 1 1895 ³
98 1879 175 1932 Vino
192 1877 367 1947 quinquenni,
384 1893 479 1931 verum
497 1876 566 1930 eitra
582 1892 657 1929 mare
675 1881 747 1944 nato,

99 1954 175 2007 Dum
193 1954 430 2022 coquitur-oooto
447 1952 546 2006 (lhium
564 1952 603 2005 sio
619 1953 751 2020 convenit,
768 1951 871 2008 nt‘non

4 2070 13 2093 ,
100 2030 165 2083 Hoc
181 2030 268 2097 magis
285 2029 370 2083 ullum
387 2028 606 2096 aliud3-pipere
623 2026 692 2095 albo,
710 2044 763 2080 non
782 2028 840 2082 sine
857 2032 941 2095 aceto,

100 2105 183 2169 Quod
200 2105 421 2172 Methymnaeam
438 2102 505 2157 ritio
522 2103 669 2157 mutaverit
687 2120 774 2157 uvam.
919 2120 942 2157 ss

101 2182 206 2233 Erucas
224 2180 332 2247 virides,
350 2178 438 2233 inulas
455 2195 506 2246 ego
523 2178 628 2247 primus
644 2195 749 2232 amaras

101 2256 253 2309 hlonstrari
271 2256 423 2324 incoquere,
441 2256 542 2309 inlutos
561 2254 691 2308 Curtillus
709 2255 825 2323 echinos,

2 2366 5 2373 -
102 2331 145 2383 Ut
161 2330 258 2385 melius
275 2331 363 2385 muria
380 2331 455 2398 quod
471 2334 545 2384 testa
562 2330 665 2383 marina
682 2330 820 2384 remittat!

0 2434 1 2469 f
102 2408 217 2461 Interea
234 2422 364 2475 suspensa
380 2422 475 2473 graves
492 2406 587 2459 anhea
603 2405 695 2458 munes

102 2485 139 2537 ln
156 2482 277 2551 patinam
294 2482 392 2548 fecere,
410 2481 549 2535 trahentia
565 2480 683 2549 pulveris
701 2481 753 2534 atri
922 2484 945 2522 ⁵⁵

4 2625 8 2631 .
102 2560 244 2623 Quantum
262 2574 315 2611 non
335 2557 436 2626 Aquilo
455 2557 599 2625 Campanis
617 2557 719 2609 excitat
736 2556 815 2623 agris.

101 2634 130 2688 N
132 2650 163 2687 os
180 2635 270 2701 majus
287 2634 369 2686 veriti
386 2637 531 2702 postquam
549 2632 616 2685 nihil
634 2648 694 2686 esse
711 2630 805 2699 pericli

102 2709 245 2763 Sensimus
263 2709 400 2776 erigimur.
437 2708 524 2761 Rufus
541 2708 629 2775 posito
647 2706 744 2773 capite,
761 2708 794 2759 ut
812 2704 835 2759 si

103 2784 193 2839 rinus
210 2785 372 2838 immaturus
389 2783 499 2849 obisset,
518 2783 593 2835 llere.
625 2781 693 2845 Quis
711 2783 784 2833 esset

104 2860 183 2913 Finis
200 2860 230 2913 ni
247 2860 354 2928 sapiens
372 2860 410 2913 sic
428 2859 615 2911 Nomentanus
633 2857 749 2910 amioum
926 2865 949 2904 os

104 2935 240 2989 Tolleret:
257 2935 344 3000 ‘Heu,
364 2934 491 2999 Fortuna,
511 2935 572 3002 quis
590 2936 633 2985 est
650 2931 786 2985 crudelior
803 2932 831 2983 in
849 2948 898 2987 nos

105 3011 147 3064 'l'e
165 3010 254 3065 deuel
289 3010 330 3063 Ut
348 3026 456 3078 semper
472 3010 576 3076 gaudes
594 3007 708 3059 illudere
726 3006 808 3057 rebus

106 3085 269 3142 Hunranisl'
307 3085 408 3140 Varius
424 3101 524 3153 mappa
541 3096 711 3151 compescere
729 3079 814 3135 rismn
