2025 3409
362 9 580 62 SATIRARUM
596 11 620 62 1.
640 12 678 63 lo.
908 12 951 57 129

91 90 211 159 Magnas
228 90 397 146 Graecorum
414 92 493 146 malis
512 92 626 161 implere
645 90 788 148 catervas?
927 105 951 148 tt

13 174 18 217 2
92 166 234 234 'lus-gidus
253 165 371 233 Alpinus
384 166 496 234 jugulat
514 166 580 221 dum
598 168 751 233 Memnona,
770 166 891 236 dumque

15 218 20 274 A
93 240 221 309 Delingit
239 241 329 294 Rheni
346 242 452 295 luteum
469 246 559 311 caput,
578 242 645 295 hacc
663 259 713 310 ego
730 240 803 310 ludo,

15 335 16 338 ¹
96 317 173 381 Quae
190 333 281 385 neque
298 316 327 369 in
345 316 414 370 aede
432 322 531 371 sonent
548 318 681 371 certantia
694 317 788 385 judice
806 316 902 384 Tarpa,

15 401 16 406 ’
95 392 155 445 Nec
173 392 291 445 redeant
307 392 409 445 iterum
426 396 511 462 atque
528 394 629 447 itenrm
647 391 794 462 spectanda
811 391 933 447 theatris

13 529 14 534 ἵ
97 469 206 536 Arguta
222 467 368 521 meretrice
384 471 464 535 potes
482 468 614 537 Davoque
633 468 781 523 Chremeta
925 480 950 521 so

96 542 235 596 Lludentc
253 559 347 596 senem
364 543 448 597 comis
465 544 571 612 garrire
589 543 694 597 libellos

95 618 176 672 Unus
192 618 323 684 vivorum,
343 618 484 684 Fundani3
503 618 589 672 Pollio
607 635 703 686 regum

95 693 184 747 Facta
201 694 277 747 canit
293 693 364 761 pede
381 697 426 747 ter
442 710 585 762 percusso;
602 694 674 747 forte
692 709 756 763 epos
772 707 836 749 acer

94 769 135 824 Ut
154 786 237 823 nemo
254 768 356 822 Varius
374 769 451 824 ducit
460 790 468 834 ;
484 770 565 823 molle
583 772 665 837 atque
682 770 800 823 facetum

95 843 217 912 Virgilio
234 849 388 899 annuerunt
405 845 557 913 gaudentes
574 861 638 899 rure
657 844 799 900 Camenae.
928 860 951 897 a
980 888 983 891 .

96 919 159 972 Hoc
176 922 246 985 eret,
265 922 380 987 experto
397 920 501 973 frustm
519 919 642 973 Varrone
661 920 777 973 Atacino

97 997 194 1063 Atque
213 993 377 1062 quibusdem
395 995 462 1061 aliis,
480 995 577 1048 melius
595 994 669 1063 quod
686 995 804 1049 scribere
820 1010 936 1062 possem,

96 1070 249 1124 Inventorc
266 1069 368 1134 minor,
386 1084 475 1138 neque
493 1085 543 1136 ego
561 1068 599 1121 illi
617 1068 763 1123 detrahere
781 1068 868 1122 ausim

95 1144 271 1199 Haerentem
288 1144 372 1213 capiti
389 1161 451 1197 cum
468 1145 556 1198 multa
572 1143 654 1197 laude
671 1160 803 1197 coronam.

96 1221 138 1273 At
155 1219 215 1273 dixi
232 1218 318 1273 fluere
335 1219 408 1273 hunc
424 1219 598 1286 lutulentum,
616 1234 697 1287 saepe
713 1220 845 1273 ferentem
925 1234 949 1275 to

96 1294 180 1348 Plura
199 1295 310 1363 quidem
327 1294 449 1348 tollenda
467 1293 660 1363 relinquendis.
696 1295 766 1362 Age,
784 1310 891 1363 quaeso,

96 1369 137 1423 'lu
155 1370 225 1423 nihil
243 1370 271 1422 in
288 1386 386 1437 magno
403 1369 499 1423 doctus
516 1368 696 1437 reprehendis
714 1369 854 1423 Homerol

11 1460 17 1550 p
96 1443 122 1496 N
124 1445 145 1498 il
162 1444 248 1499 comis
264 1445 362 1512 tragici
379 1448 468 1498 mutat
486 1444 605 1497 Lucilius
624 1444 710 1498 Accii

13 1558 16 1579 .
97 1520 160 1573 Non
178 1519 254 1573 ridet
271 1536 367 1573 versus
386 1519 455 1572 Enni
472 1519 608 1587 gravitate
624 1519 753 1587 minores,

12 1621 13 1658 i
97 1594 168 1649 (lum
186 1594 223 1647 dc
241 1611 271 1648 se
288 1594 410 1664 loquitur
426 1611 480 1647 uon
497 1597 530 1647 ut
548 1594 651 1663 majore
668 1594 823 1664 reprensis'i
930 1617 951 1654 tr

11 1684 17 1708 ‘-
98 1669 172 1734 Quid
189 1673 267 1724 vetat
284 1674 314 1723 et
331 1674 438 1723 nosmet
456 1669 544 1723 Lucili
562 1669 664 1738 scripta
680 1670 801 1737 legentes

98 1746 246 1811 Quaerere,
263 1761 329 1797 num
347 1746 426 1810 illius,
445 1761 511 1797 num
528 1760 621 1797 rerum
639 1743 708 1796 dura
724 1743 832 1810 negarit

98 1819 256 1874 Versiculos
272 1824 371 1873 natura
388 1820 474 1887 magis
491 1819 577 1872 factos
595 1821 625 1871 et
641 1822 738 1871 euntes

97 1894 210 1948 Mollius
227 1911 259 1948 ac
276 1896 300 1949 si
318 1897 379 1964 quis
396 1894 513 1963 pedibus
530 1894 598 1963 quid
616 1892 743 1947 claudere
762 1892 840 1961 senis,

98 1968 159 2022 Hoc
177 1973 287 2023 tantum
305 1974 456 2036 contentus,
475 1974 550 2023 amet
568 1969 707 2038 scripsisse
725 1968 856 2023 ducentos
928 1984 946 2023 ts

98 2045 174 2098 Ante
193 2045 283 2098 cibum
301 2062 403 2112 versus,
421 2044 540 2099 totidem
558 2048 704 2108 coenatus3
721 2042 829 2097 Etrusci

98 2119 184 2183 Quale
202 2120 256 2173 fuit
274 2120 351 2173 (lassi
368 2120 465 2189 rapido
482 2120 632 2174 ferventius
649 2118 723 2172 amni

13 2250 16 2264 ‚
97 2193 251 2262 Ingenium,
269 2196 357 2263 capsis
375 2212 457 2265 quem
475 2195 548 2248 sama
566 2198 609 2248 est
627 2210 687 2247 esse
703 2192 835 2260 librisque

97 2262 267 2323 Ambustum
283 2271 420 2339 propriist
457 2270 553 2323 Fuerit
571 2269 698 2336 Lucilius,
716 2268 835 2338 inquiat,

97 2344 189 2399 Carnis
206 2349 237 2398 et
253 2345 380 2412 urbanus,
397 2345 483 2399 fuerit
500 2344 619 2397 limatior
636 2344 710 2397 idem

97 2419 185 2483 Quam
202 2420 279 2473 rudis
297 2424 327 2474 ct
345 2420 456 2473 Graecis
472 2419 570 2473 intacti
588 2420 715 2473 carminis
732 2422 834 2488 auctor,

12 2547 16 2565 λ
97 2495 240 2563 Quamque
257 2500 401 2565 poetarum
420 2496 557 2548 seniorum
576 2494 673 2561 turba3
691 2495 740 2549 sod
757 2494 811 2562 ille,

96 2570 125 2624 Si
142 2572 215 2624 foret
232 2570 284 2625 hoc
300 2576 423 2624 nostrtun
441 2570 498 2624 fato
517 2569 618 2623 dilatus
635 2570 663 2623 in
681 2586 783 2637 aevum,

96 2645 245 2701 Detercret
263 2646 315 2700 sibi
332 2646 426 2713 multe,
444 2644 581 2700 recideret
598 2662 677 2699 omne
695 2645 769 2714 quod
786 2644 859 2699 ultra

96 2721 254 2777 Perfectum
271 2722 437 2789 traheretur,
456 2724 485 2775 et
501 2720 531 2774 in
548 2737 629 2773 versu
646 2720 769 2775 iaciendo
906 2790 909 2795 1
931 2762 936 2775 .

95 2796 181 2866 Saepe
199 2803 282 2866 caput
301 2798 425 2851 scaberet
443 2797 518 2849 viros
536 2795 694 2855 stroderet
710 2810 822 2863 ungues.

95 2872 181 2941 Saepe
201 2873 295 2927 stilum
313 2877 404 2926 vertas
422 2872 523 2925 iterum
542 2887 612 2939 quac
630 2870 713 2938 digna
730 2870 782 2939 legi
801 2872 857 2927 sint

94 2948 258 3017 Scripturas,
276 2964 365 3017 ncquc
384 2950 413 3000 tc
431 2950 463 2999 ut
481 2947 597 2999 miretur
615 2945 698 3000 turba
714 2945 830 3015 labores,

94 3024 247 3080 Contentus
264 3022 359 3093 paucis
375 3020 531 3075 lectoribus.
568 3021 614 3072 An
632 3024 680 3073 tua
699 3020 812 3075 demens
