<?xml version="1.0" encoding="UTF-8"?>
<!DOCTYPE html PUBLIC "-//W3C//DTD XHTML 1.0 Transitional//EN"
    "http://www.w3.org/TR/xhtml1/DTD/xhtml1-transitional.dtd">
<html xmlns="http://www.w3.org/1999/xhtml" xml:lang="en" lang="en">
 <head>
  <title>
</title>
<meta http-equiv="Content-Type" content="text/html;charset=utf-8" />
  <meta name='ocr-system' content='tesseract 3.04.00' />
  <meta name='ocr-capabilities' content='ocr_page ocr_carea ocr_par ocr_line ocrx_word'/>
</head>
<body>
  <div class='ocr_page' id='page_1' title='image "./quintihoratiifl02maclgoog_0062.png"; bbox 0 0 2025 3409; ppageno 0'>
   <div class='ocr_carea' id='block_1_1' title="bbox 369 27 672 75">
    <p class='ocr_par' dir='ltr' id='par_1_1' title="bbox 369 27 672 75">
     <span class='ocr_line' id='line_1_1' title="bbox 369 27 672 75; baseline 0 0"><span class='ocrx_word' id='word_1_1' title='bbox 369 27 525 75; x_wconf 81' lang='lat' dir='ltr'><strong>HORATII</strong></span> <span class='ocrx_word' id='word_1_2' title='bbox 540 27 672 75; x_wconf 80' lang='lat' dir='ltr'>FLACGI</span> 
     </span>
    </p>
   </div>
   <div class='ocr_carea' id='block_1_2' title="bbox 231 106 778 691">
    <p class='ocr_par' dir='ltr' id='par_1_2' title="bbox 231 106 778 691">
     <span class='ocr_line' id='line_1_2' title="bbox 233 106 757 176; baseline 0 -14"><span class='ocrx_word' id='word_1_3' title='bbox 233 106 340 176; x_wconf 77' lang='lat' dir='ltr'><strong>injecta</strong></span> <span class='ocrx_word' id='word_1_4' title='bbox 356 106 486 160; x_wconf 76' lang='lat' dir='ltr'>monstris</span> <span class='ocrx_word' id='word_1_5' title='bbox 504 106 590 159; x_wconf 84' lang='lat' dir='ltr'><strong>&#39;lena</strong></span> <span class='ocrx_word' id='word_1_6' title='bbox 608 106 684 161; x_wconf 90' lang='lat' dir='ltr'><strong>dolet</strong></span> <span class='ocrx_word' id='word_1_7' title='bbox 700 108 757 162; x_wconf 82' lang='lat' dir='ltr'><strong>suis</strong></span> 
     </span>
     <span class='ocr_line' id='line_1_3' title="bbox 231 181 774 249; baseline -0.006 -10"><span class='ocrx_word' id='word_1_8' title='bbox 231 182 395 249; x_wconf 88' lang='lat' dir='ltr'><strong>Maeretquo</strong></span> <span class='ocrx_word' id='word_1_9' title='bbox 411 184 507 249; x_wconf 87' lang='lat' dir='ltr'><strong>partus</strong></span> <span class='ocrx_word' id='word_1_10' title='bbox 525 181 638 235; x_wconf 82' lang='lat' dir='ltr'><strong>fulmine</strong></span> <span class='ocrx_word' id='word_1_11' title='bbox 655 182 774 237; x_wconf 89' lang='lat' dir='ltr'><strong>luridum</strong></span> 
     </span>
     <span class='ocr_line' id='line_1_4' title="bbox 263 256 750 325; baseline 0.002 -15"><span class='ocrx_word' id='word_1_12' title='bbox 263 256 366 311; x_wconf 82' lang='lat' dir='ltr'><strong>Missos</strong></span> <span class='ocrx_word' id='word_1_13' title='bbox 383 256 418 309; x_wconf 83' lang='lat' dir='ltr'><strong>ad</strong></span> <span class='ocrx_word' id='word_1_14' title='bbox 438 256 556 322; x_wconf 80' lang='lat' dir='ltr'><strong>Orcum3</strong></span> <span class='ocrx_word' id='word_1_15' title='bbox 573 273 624 311; x_wconf 90' lang='lat' dir='ltr'><strong>nec</strong></span> <span class='ocrx_word' id='word_1_16' title='bbox 641 258 750 325; x_wconf 89' lang='lat' dir='ltr'><strong>peredit</strong></span> 
     </span>
     <span class='ocr_line' id='line_1_5' title="bbox 302 332 778 401; baseline 0 -16"><span class='ocrx_word' id='word_1_17' title='bbox 302 332 463 400; x_wconf 88' lang='lat' dir='ltr'><strong>Impositam</strong></span> <span class='ocrx_word' id='word_1_18' title='bbox 480 332 554 386; x_wconf 89' lang='lat' dir='ltr'><strong>celer</strong></span> <span class='ocrx_word' id='word_1_19' title='bbox 569 332 641 399; x_wconf 86' lang='lat' dir='ltr'><strong>ignis</strong></span> <span class='ocrx_word' id='word_1_20' title='bbox 659 334 778 401; x_wconf 81' lang='lat' dir='ltr'><strong>Aetnen,</strong></span> 
     </span>
     <span class='ocr_line' id='line_1_6' title="bbox 232 406 687 477; baseline -0.004 -14"><span class='ocrx_word' id='word_1_21' title='bbox 232 406 431 463; x_wconf 87' lang='lat' dir='ltr'><strong>Incontinentis</strong></span> <span class='ocrx_word' id='word_1_22' title='bbox 449 423 501 461; x_wconf 88' lang='lat' dir='ltr'><strong>nec</strong></span> <span class='ocrx_word' id='word_1_23' title='bbox 519 407 592 477; x_wconf 79' lang='lat' dir='ltr'><strong>Tityi</strong></span> <span class='ocrx_word' id='word_1_24' title='bbox 605 407 687 476; x_wconf 84' lang='lat' dir='ltr'><strong>jecur</strong></span> 
     </span>
     <span class='ocr_line' id='line_1_7' title="bbox 233 482 725 552; baseline 0 -14"><span class='ocrx_word' id='word_1_25' title='bbox 233 482 357 551; x_wconf 74' lang='lat' dir='ltr'><strong>Reliquit</strong></span> <span class='ocrx_word' id='word_1_26' title='bbox 374 482 437 550; x_wconf 73' lang='lat' dir='ltr'><strong>alea,</strong></span> <span class='ocrx_word' id='word_1_27' title='bbox 455 484 596 552; x_wconf 77' lang='lat' dir='ltr'><strong>nequitiae</strong></span> <span class='ocrx_word' id='word_1_28' title='bbox 612 484 725 538; x_wconf 89' lang='lat' dir='ltr'><strong>additus</strong></span> 
     </span>
     <span class='ocr_line' id='line_1_8' title="bbox 267 558 704 628; baseline 0.005 -17"><span class='ocrx_word' id='word_1_29' title='bbox 267 558 383 628; x_wconf 76' lang='lat' dir='ltr'><strong>¹Custos3</strong></span> <span class='ocrx_word' id='word_1_30' title='bbox 399 560 548 611; x_wconf 77' lang='lat' dir='ltr'><strong>amatorem</strong></span> <span class='ocrx_word' id='word_1_31' title='bbox 566 562 704 613; x_wconf 78' lang='lat' dir='ltr'><strong>trecentae</strong></span> 
     </span>
     <span class='ocr_line' id='line_1_9' title="bbox 301 632 738 691; baseline 0.007 -4"><span class='ocrx_word' id='word_1_32' title='bbox 301 632 456 687; x_wconf 85' lang='lat' dir='ltr'><strong>Pirithoum</strong></span> <span class='ocrx_word' id='word_1_33' title='bbox 473 633 603 687; x_wconf 81' lang='lat' dir='ltr'><strong>cohibent</strong></span> <span class='ocrx_word' id='word_1_34' title='bbox 620 637 738 691; x_wconf 85' lang='lat' dir='ltr'><strong>catenae.</strong></span> 
     </span>
    </p>
   </div>
   <div class='ocr_carea' id='block_1_3' title="bbox 501 772 537 830">
    <p class='ocr_par' dir='ltr' id='par_1_3' title="bbox 501 772 537 830">
     <span class='ocr_line' id='line_1_10' title="bbox 501 772 537 830; baseline 0.056 -2"><span class='ocrx_word' id='word_1_35' title='bbox 501 772 537 830; x_wconf 87' lang='lat' dir='ltr'><strong>V.</strong></span> 
     </span>
    </p>
   </div>
   <div class='ocr_carea' id='block_1_4' title="bbox 227 856 798 3098">
    <p class='ocr_par' dir='ltr' id='par_1_4' title="bbox 227 856 798 3098">
     <span class='ocr_line' id='line_1_11' title="bbox 233 856 798 912; baseline -0.004 0"><span class='ocrx_word' id='word_1_36' title='bbox 233 856 328 912; x_wconf 71' lang='lat' dir='ltr'><strong>Ounno</strong></span> <span class='ocrx_word' id='word_1_37' title='bbox 347 858 496 911; x_wconf 76' lang='lat' dir='ltr'><strong>Tonantem</strong></span> <span class='ocrx_word' id='word_1_38' title='bbox 514 857 683 911; x_wconf 82' lang='lat' dir='ltr'><strong>credidimus</strong></span> <span class='ocrx_word' id='word_1_39' title='bbox 700 857 798 911; x_wconf 88' lang='lat' dir='ltr'><strong>Jovem</strong></span> 
     </span>
     <span class='ocr_line' id='line_1_12' title="bbox 233 932 787 1002; baseline -0.004 -14"><span class='ocrx_word' id='word_1_40' title='bbox 233 932 376 1001; x_wconf 83' lang='lat' dir='ltr'><strong>Regnare:</strong></span> <span class='ocrx_word' id='word_1_41' title='bbox 393 949 525 1002; x_wconf 81' lang='lat' dir='ltr'><strong>praesens</strong></span> <span class='ocrx_word' id='word_1_42' title='bbox 543 934 623 987; x_wconf 87' lang='lat' dir='ltr'><strong>divus</strong></span> <span class='ocrx_word' id='word_1_43' title='bbox 640 932 787 987; x_wconf 83' lang='lat' dir='ltr'><strong>habebitur</strong></span> 
     </span>
     <span class='ocr_line' id='line_1_13' title="bbox 267 1008 704 1077; baseline -0.002 -13"><span class='ocrx_word' id='word_1_44' title='bbox 267 1010 410 1077; x_wconf 82' lang='lat' dir='ltr'><strong>Augustus</strong></span> <span class='ocrx_word' id='word_1_45' title='bbox 427 1008 546 1077; x_wconf 87' lang='lat' dir='ltr'><strong>adjectis</strong></span> <span class='ocrx_word' id='word_1_46' title='bbox 564 1008 704 1063; x_wconf 88' lang='lat' dir='ltr'><strong>Britannis</strong></span> 
     </span>
     <span class='ocr_line' id='line_1_14' title="bbox 302 1083 739 1153; baseline 0.002 -16"><span class='ocrx_word' id='word_1_47' title='bbox 302 1084 421 1153; x_wconf 87' lang='lat' dir='ltr'><strong>Imperio</strong></span> <span class='ocrx_word' id='word_1_48' title='bbox 438 1083 621 1152; x_wconf 86' lang='lat' dir='ltr'><strong>gravibusque</strong></span> <span class='ocrx_word' id='word_1_49' title='bbox 639 1083 739 1139; x_wconf 89' lang='lat' dir='ltr'><strong>Persis.</strong></span> 
     </span>
     <span class='ocr_line' id='line_1_15' title="bbox 231 1158 728 1227; baseline -0.004 -13"><span class='ocrx_word' id='word_1_50' title='bbox 231 1159 350 1214; x_wconf 90' lang='lat' dir='ltr'><strong>Milesne</strong></span> <span class='ocrx_word' id='word_1_51' title='bbox 369 1159 461 1213; x_wconf 79' lang='lat' dir='ltr'><strong>Crassi</strong></span> <span class='ocrx_word' id='word_1_52' title='bbox 477 1158 593 1227; x_wconf 83' lang='lat' dir='ltr'><strong>conjuge</strong></span> <span class='ocrx_word' id='word_1_53' title='bbox 610 1158 728 1213; x_wconf 82' lang='lat' dir='ltr'><strong>barbara</strong></span> 
     </span>
     <span class='ocr_line' id='line_1_16' title="bbox 233 1234 740 1302; baseline -0.004 -14"><span class='ocrx_word' id='word_1_54' title='bbox 233 1235 330 1302; x_wconf 80' lang='lat' dir='ltr'><strong>Turpis</strong></span> <span class='ocrx_word' id='word_1_55' title='bbox 348 1235 463 1288; x_wconf 84' lang='lat' dir='ltr'><strong>maritus</strong></span> <span class='ocrx_word' id='word_1_56' title='bbox 480 1234 550 1288; x_wconf 79' lang='lat' dir='ltr'><strong>vixit</strong></span> <span class='ocrx_word' id='word_1_57' title='bbox 566 1237 597 1287; x_wconf 91' lang='lat' dir='ltr'><strong>et</strong></span> <span class='ocrx_word' id='word_1_58' title='bbox 613 1234 740 1302; x_wconf 88' lang='lat' dir='ltr'><strong>hostium,</strong></span> 
     </span>
     <span class='ocr_line' id='line_1_17' title="bbox 267 1310 749 1377; baseline -0.002 -13"><span class='ocrx_word' id='word_1_59' title='bbox 267 1310 321 1365; x_wconf 87' lang='lat' dir='ltr'><strong>Pro</strong></span> <span class='ocrx_word' id='word_1_60' title='bbox 339 1310 413 1364; x_wconf 84' lang='lat' dir='ltr'><strong>curia</strong></span> <span class='ocrx_word' id='word_1_61' title='bbox 429 1310 587 1377; x_wconf 86' lang='lat' dir='ltr'><strong>inversique</strong></span> <span class='ocrx_word' id='word_1_62' title='bbox 605 1313 711 1363; x_wconf 90' lang='lat' dir='ltr'><strong>mores!</strong></span> <span class='ocrx_word' id='word_1_63' title='bbox 746 1327 749 1333; x_wconf 90' lang='lat'>·</span> 
     </span>
     <span class='ocr_line' id='line_1_18' title="bbox 302 1385 769 1439; baseline 0 0"><span class='ocrx_word' id='word_1_64' title='bbox 302 1385 451 1439; x_wconf 77' lang='lat' dir='ltr'><strong>Consenuit</strong></span> <span class='ocrx_word' id='word_1_65' title='bbox 469 1401 623 1438; x_wconf 87' lang='lat' dir='ltr'><strong>socerorum</strong></span> <span class='ocrx_word' id='word_1_66' title='bbox 639 1385 668 1438; x_wconf 91' lang='lat' dir='ltr'><strong>in</strong></span> <span class='ocrx_word' id='word_1_67' title='bbox 686 1386 769 1439; x_wconf 79' lang='lat' dir='ltr'><strong>amnis</strong></span> 
     </span>
     <span class='ocr_line' id='line_1_19' title="bbox 233 1460 785 1530; baseline -0.004 -14"><span class='ocrx_word' id='word_1_68' title='bbox 233 1460 289 1516; x_wconf 84' lang='lat' dir='ltr'><strong>Sub</strong></span> <span class='ocrx_word' id='word_1_69' title='bbox 307 1477 372 1527; x_wconf 83' lang='lat' dir='ltr'><strong>rege</strong></span> <span class='ocrx_word' id='word_1_70' title='bbox 391 1460 475 1515; x_wconf 89' lang='lat' dir='ltr'><strong>Medo</strong></span> <span class='ocrx_word' id='word_1_71' title='bbox 494 1460 603 1514; x_wconf 87' lang='lat' dir='ltr'><strong>Marsus</strong></span> <span class='ocrx_word' id='word_1_72' title='bbox 620 1464 651 1515; x_wconf 90' lang='lat' dir='ltr'><strong>et</strong></span> <span class='ocrx_word' id='word_1_73' title='bbox 669 1462 785 1530; x_wconf 81' lang='lat' dir='ltr'><strong>Apulus,</strong></span> 
     </span>
     <span class='ocr_line' id='line_1_20' title="bbox 232 1536 730 1604; baseline -0.002 -13"><span class='ocrx_word' id='word_1_74' title='bbox 232 1536 402 1591; x_wconf 86' lang='lat' dir='ltr'><strong>Aneiliormn</strong></span> <span class='ocrx_word' id='word_1_75' title='bbox 421 1540 450 1590; x_wconf 90' lang='lat' dir='ltr'><strong>et</strong></span> <span class='ocrx_word' id='word_1_76' title='bbox 467 1536 585 1589; x_wconf 84' lang='lat' dir='ltr'><strong>nominis</strong></span> <span class='ocrx_word' id='word_1_77' title='bbox 603 1540 633 1590; x_wconf 90' lang='lat' dir='ltr'><strong>et</strong></span> <span class='ocrx_word' id='word_1_78' title='bbox 649 1540 730 1604; x_wconf 80' lang='lat' dir='ltr'><strong>togae</strong></span> 
     </span>
     <span class='ocr_line' id='line_1_21' title="bbox 267 1610 708 1681; baseline 0.005 -18"><span class='ocrx_word' id='word_1_79' title='bbox 267 1610 377 1664; x_wconf 90' lang='lat' dir='ltr'><strong>Oblitus</strong></span> <span class='ocrx_word' id='word_1_80' title='bbox 394 1615 579 1681; x_wconf 86' lang='lat' dir='ltr'><strong>aeternaeque</strong></span> <span class='ocrx_word' id='word_1_81' title='bbox 596 1612 708 1679; x_wconf 84' lang='lat' dir='ltr'><strong>Vestae,</strong></span> 
     </span>
     <span class='ocr_line' id='line_1_22' title="bbox 302 1686 783 1742; baseline 0.006 -3"><span class='ocrx_word' id='word_1_82' title='bbox 302 1686 433 1739; x_wconf 90' lang='lat' dir='ltr'><strong>Incolumi</strong></span> <span class='ocrx_word' id='word_1_83' title='bbox 452 1686 522 1740; x_wconf 83' lang='lat' dir='ltr'><strong>Jove</strong></span> <span class='ocrx_word' id='word_1_84' title='bbox 541 1690 571 1741; x_wconf 87' lang='lat' dir='ltr'><strong>ct</strong></span> <span class='ocrx_word' id='word_1_85' title='bbox 588 1686 656 1740; x_wconf 89' lang='lat' dir='ltr'><strong>urbe</strong></span> <span class='ocrx_word' id='word_1_86' title='bbox 676 1686 783 1742; x_wconf 82' lang='lat' dir='ltr'><strong>Romal</strong></span> 
     </span>
     <span class='ocr_line' id='line_1_23' title="bbox 233 1760 765 1831; baseline 0.002 -17"><span class='ocrx_word' id='word_1_87' title='bbox 233 1760 294 1815; x_wconf 88' lang='lat' dir='ltr'><strong>Hoc</strong></span> <span class='ocrx_word' id='word_1_88' title='bbox 311 1766 420 1815; x_wconf 85' lang='lat' dir='ltr'><strong>caverat</strong></span> <span class='ocrx_word' id='word_1_89' title='bbox 437 1778 515 1817; x_wconf 88' lang='lat' dir='ltr'><strong>mens</strong></span> <span class='ocrx_word' id='word_1_90' title='bbox 532 1763 648 1831; x_wconf 88' lang='lat' dir='ltr'><strong>provida</strong></span> <span class='ocrx_word' id='word_1_91' title='bbox 665 1761 765 1829; x_wconf 78' lang='lat' dir='ltr'><strong>Regali</strong></span> 
     </span>
     <span class='ocr_line' id='line_1_24' title="bbox 233 1836 649 1891; baseline -0.002 0"><span class='ocrx_word' id='word_1_92' title='bbox 233 1836 429 1891; x_wconf 87' lang='lat' dir='ltr'><strong>Dissentientis</strong></span> <span class='ocrx_word' id='word_1_93' title='bbox 447 1837 649 1891; x_wconf 85' lang='lat' dir='ltr'><strong>conditionibus</strong></span> 
     </span>
     <span class='ocr_line' id='line_1_25' title="bbox 266 1912 710 1981; baseline -0.002 -15"><span class='ocrx_word' id='word_1_94' title='bbox 266 1912 367 1966; x_wconf 81' lang='lat' dir='ltr'><strong>Foedis</strong></span> <span class='ocrx_word' id='word_1_95' title='bbox 384 1916 414 1967; x_wconf 89' lang='lat' dir='ltr'><strong>et</strong></span> <span class='ocrx_word' id='word_1_96' title='bbox 432 1914 558 1981; x_wconf 87' lang='lat' dir='ltr'><strong>exemplo</strong></span> <span class='ocrx_word' id='word_1_97' title='bbox 575 1913 710 1967; x_wconf 89' lang='lat' dir='ltr'><strong>trahentis</strong></span> 
     </span>
     <span class='ocr_line' id='line_1_26' title="bbox 301 1988 752 2057; baseline -0.002 -16"><span class='ocrx_word' id='word_1_98' title='bbox 301 1988 454 2043; x_wconf 89' lang='lat' dir='ltr'><strong>Perniciem</strong></span> <span class='ocrx_word' id='word_1_99' title='bbox 472 1990 584 2043; x_wconf 86' lang='lat' dir='ltr'><strong>veniens</strong></span> <span class='ocrx_word' id='word_1_100' title='bbox 601 1989 630 2041; x_wconf 91' lang='lat' dir='ltr'><strong>in</strong></span> <span class='ocrx_word' id='word_1_101' title='bbox 646 2004 752 2057; x_wconf 83' lang='lat' dir='ltr'><strong>aevum,</strong></span> 
     </span>
     <span class='ocr_line' id='line_1_27' title="bbox 231 2063 672 2133; baseline -0.007 -14"><span class='ocrx_word' id='word_1_102' title='bbox 231 2063 261 2119; x_wconf 80' lang='lat' dir='ltr'><strong>Si</strong></span> <span class='ocrx_word' id='word_1_103' title='bbox 277 2080 333 2118; x_wconf 88' lang='lat' dir='ltr'><strong>non</strong></span> <span class='ocrx_word' id='word_1_104' title='bbox 349 2065 454 2133; x_wconf 87' lang='lat' dir='ltr'><strong>periret</strong></span> <span class='ocrx_word' id='word_1_105' title='bbox 471 2064 672 2117; x_wconf 88' lang='lat' dir='ltr'><strong>immiserabilis</strong></span> 
     </span>
     <span class='ocr_line' id='line_1_28' title="bbox 232 2137 794 2209; baseline -0.011 -14"><span class='ocrx_word' id='word_1_106' title='bbox 232 2140 347 2209; x_wconf 83' lang='lat' dir='ltr'><strong>Captiva</strong></span> <span class='ocrx_word' id='word_1_107' title='bbox 363 2140 458 2208; x_wconf 87' lang='lat' dir='ltr'><strong>pubes.</strong></span> <span class='ocrx_word' id='word_1_108' title='bbox 493 2140 597 2207; x_wconf 85' lang='lat' dir='ltr'><strong>“Signa</strong></span> <span class='ocrx_word' id='word_1_109' title='bbox 614 2155 665 2207; x_wconf 85' lang='lat' dir='ltr'><strong>ego</strong></span> <span class='ocrx_word' id='word_1_110' title='bbox 684 2137 794 2191; x_wconf 84' lang='lat' dir='ltr'><strong>Punicis</strong></span> 
     </span>
     <span class='ocr_line' id='line_1_29' title="bbox 266 2214 648 2269; baseline -0.003 0"><span class='ocrx_word' id='word_1_111' title='bbox 266 2214 368 2269; x_wconf 85' lang='lat' dir='ltr'><strong>Adfixa</strong></span> <span class='ocrx_word' id='word_1_112' title='bbox 386 2215 507 2269; x_wconf 90' lang='lat' dir='ltr'><strong>delubris</strong></span> <span class='ocrx_word' id='word_1_113' title='bbox 526 2220 556 2269; x_wconf 89' lang='lat' dir='ltr'><strong>et</strong></span> <span class='ocrx_word' id='word_1_114' title='bbox 572 2231 648 2268; x_wconf 89' lang='lat' dir='ltr'><strong>arma</strong></span> 
     </span>
     <span class='ocr_line' id='line_1_30' title="bbox 299 2288 732 2360; baseline -0.007 -17"><span class='ocrx_word' id='word_1_115' title='bbox 299 2290 434 2343; x_wconf 88' lang='lat' dir='ltr'><strong>Militibus</strong></span> <span class='ocrx_word' id='word_1_116' title='bbox 452 2290 511 2343; x_wconf 91' lang='lat' dir='ltr'><strong>sine</strong></span> <span class='ocrx_word' id='word_1_117' title='bbox 529 2290 634 2358; x_wconf 89' lang='lat' dir='ltr'><strong>caede,”</strong></span> <span class='ocrx_word' id='word_1_118' title='bbox 653 2288 732 2360; x_wconf 70' lang='lat' dir='ltr'><strong>dixit,</strong></span> 
     </span>
     <span class='ocr_line' id='line_1_31' title="bbox 230 2364 725 2433; baseline -0.008 -14"><span class='ocrx_word' id='word_1_119' title='bbox 230 2364 374 2433; x_wconf 87' lang='lat' dir='ltr'><strong>“Derepta</strong></span> <span class='ocrx_word' id='word_1_120' title='bbox 391 2365 464 2430; x_wconf 84' lang='lat' dir='ltr'><strong>vidi;</strong></span> <span class='ocrx_word' id='word_1_121' title='bbox 482 2366 539 2418; x_wconf 91' lang='lat' dir='ltr'><strong>vidi</strong></span> <span class='ocrx_word' id='word_1_122' title='bbox 557 2381 608 2432; x_wconf 86' lang='lat' dir='ltr'><strong>ego</strong></span> <span class='ocrx_word' id='word_1_123' title='bbox 626 2366 725 2419; x_wconf 87' lang='lat' dir='ltr'><strong>civium</strong></span> 
     </span>
     <span class='ocr_line' id='line_1_32' title="bbox 231 2439 675 2508; baseline -0.007 -13"><span class='ocrx_word' id='word_1_124' title='bbox 231 2440 348 2496; x_wconf 80' lang='lat' dir='ltr'><strong>Retenta</strong></span> <span class='ocrx_word' id='word_1_125' title='bbox 364 2444 443 2508; x_wconf 82' lang='lat' dir='ltr'><strong>tergo</strong></span> <span class='ocrx_word' id='word_1_126' title='bbox 461 2441 572 2493; x_wconf 89' lang='lat' dir='ltr'><strong>brachia</strong></span> <span class='ocrx_word' id='word_1_127' title='bbox 588 2439 675 2493; x_wconf 89' lang='lat' dir='ltr'><strong>libero</strong></span> 
     </span>
     <span class='ocr_line' id='line_1_33' title="bbox 263 2516 737 2585; baseline -0.006 -15"><span class='ocrx_word' id='word_1_128' title='bbox 263 2517 415 2585; x_wconf 86' lang='lat' dir='ltr'><strong>Portasque</strong></span> <span class='ocrx_word' id='word_1_129' title='bbox 433 2532 487 2569; x_wconf 91' lang='lat' dir='ltr'><strong>non</strong></span> <span class='ocrx_word' id='word_1_130' title='bbox 504 2516 608 2569; x_wconf 75' lang='lat' dir='ltr'><strong>clamas</strong></span> <span class='ocrx_word' id='word_1_131' title='bbox 625 2519 655 2568; x_wconf 89' lang='lat' dir='ltr'><strong>ct</strong></span> <span class='ocrx_word' id='word_1_132' title='bbox 671 2530 737 2568; x_wconf 87' lang='lat' dir='ltr'><strong>arva</strong></span> 
     </span>
     <span class='ocr_line' id='line_1_34' title="bbox 297 2591 720 2659; baseline -0.002 -15"><span class='ocrx_word' id='word_1_133' title='bbox 297 2592 388 2645; x_wconf 87' lang='lat' dir='ltr'><strong>Marte</strong></span> <span class='ocrx_word' id='word_1_134' title='bbox 405 2591 456 2645; x_wconf 89' lang='lat' dir='ltr'><strong>coli</strong></span> <span class='ocrx_word' id='word_1_135' title='bbox 473 2591 603 2659; x_wconf 87' lang='lat' dir='ltr'><strong>populata</strong></span> <span class='ocrx_word' id='word_1_136' title='bbox 619 2593 720 2643; x_wconf 87' lang='lat' dir='ltr'><strong>nostro.</strong></span> 
     </span>
     <span class='ocr_line' id='line_1_35' title="bbox 228 2666 682 2733; baseline -0.009 -12"><span class='ocrx_word' id='word_1_137' title='bbox 228 2666 306 2721; x_wconf 84' lang='lat' dir='ltr'><strong>Auro</strong></span> <span class='ocrx_word' id='word_1_138' title='bbox 323 2682 454 2733; x_wconf 87' lang='lat' dir='ltr'><strong>repensus</strong></span> <span class='ocrx_word' id='word_1_139' title='bbox 472 2667 576 2720; x_wconf 89' lang='lat' dir='ltr'><strong>seilicet</strong></span> <span class='ocrx_word' id='word_1_140' title='bbox 592 2666 682 2719; x_wconf 88' lang='lat' dir='ltr'><strong>acrior</strong></span> 
     </span>
     <span class='ocr_line' id='line_1_36' title="bbox 227 2741 708 2809; baseline -0.008 -13"><span class='ocrx_word' id='word_1_141' title='bbox 227 2741 309 2796; x_wconf 85' lang='lat' dir='ltr'><strong>Miles</strong></span> <span class='ocrx_word' id='word_1_142' title='bbox 327 2741 436 2795; x_wconf 87' lang='lat' dir='ltr'><strong>redibit.</strong></span> <span class='ocrx_word' id='word_1_143' title='bbox 472 2741 588 2809; x_wconf 81' lang='lat' dir='ltr'><strong>Flagitio</strong></span> <span class='ocrx_word' id='word_1_144' title='bbox 605 2741 708 2794; x_wconf 88' lang='lat' dir='ltr'><strong>additis</strong></span> 
     </span>
     <span class='ocr_line' id='line_1_37' title="bbox 262 2815 771 2882; baseline -0.002 -15"><span class='ocrx_word' id='word_1_145' title='bbox 262 2815 414 2867; x_wconf 82' lang='lat' dir='ltr'><strong>Damnmn:</strong></span> <span class='ocrx_word' id='word_1_146' title='bbox 431 2832 521 2882; x_wconf 89' lang='lat' dir='ltr'><strong>neque</strong></span> <span class='ocrx_word' id='word_1_147' title='bbox 539 2818 651 2869; x_wconf 88' lang='lat' dir='ltr'><strong>amissos</strong></span> <span class='ocrx_word' id='word_1_148' title='bbox 668 2816 771 2868; x_wconf 85' lang='lat' dir='ltr'><strong>colores</strong></span> 
     </span>
     <span class='ocr_line' id='line_1_38' title="bbox 297 2888 711 2954; baseline 0.005 -15"><span class='ocrx_word' id='word_1_149' title='bbox 297 2888 372 2939; x_wconf 87' lang='lat' dir='ltr'><strong>Lana</strong></span> <span class='ocrx_word' id='word_1_150' title='bbox 389 2890 474 2941; x_wconf 86' lang='lat' dir='ltr'><strong>refert</strong></span> <span class='ocrx_word' id='word_1_151' title='bbox 491 2891 627 2941; x_wconf 82' lang='lat' dir='ltr'><strong>medicata</strong></span> <span class='ocrx_word' id='word_1_152' title='bbox 643 2891 711 2954; x_wconf 86' lang='lat' dir='ltr'><strong>fuco,</strong></span> 
     </span>
     <span class='ocr_line' id='line_1_39' title="bbox 229 2960 772 3016; baseline 0.002 -2"><span class='ocrx_word' id='word_1_153' title='bbox 229 2960 288 3014; x_wconf 84' lang='lat' dir='ltr'><strong>Neo</strong></span> <span class='ocrx_word' id='word_1_154' title='bbox 305 2976 370 3012; x_wconf 88' lang='lat' dir='ltr'><strong>vera</strong></span> <span class='ocrx_word' id='word_1_155' title='bbox 386 2961 472 3013; x_wconf 81' lang='lat' dir='ltr'><strong>virtus</strong></span> <span class='ocrx_word' id='word_1_156' title='bbox 490 2978 551 3015; x_wconf 89' lang='lat' dir='ltr'><strong>cum</strong></span> <span class='ocrx_word' id='word_1_157' title='bbox 569 2964 652 3015; x_wconf 90' lang='lat' dir='ltr'><strong>semel</strong></span> <span class='ocrx_word' id='word_1_158' title='bbox 669 2962 772 3016; x_wconf 87' lang='lat' dir='ltr'><strong>excidit</strong></span> 
     </span>
     <span class='ocr_line' id='line_1_40' title="bbox 230 3033 633 3098; baseline 0.005 -11"><span class='ocrx_word' id='word_1_159' title='bbox 230 3034 316 3087; x_wconf 80' lang='lat' dir='ltr'><strong>Curat</strong></span> <span class='ocrx_word' id='word_1_160' title='bbox 332 3034 426 3098; x_wconf 89' lang='lat' dir='ltr'><strong>reponi</strong></span> <span class='ocrx_word' id='word_1_161' title='bbox 444 3033 633 3089; x_wconf 81' lang='lat' dir='ltr'><strong>deterioribus.</strong></span> 
     </span>
    </p>
   </div>
   <div class='ocr_carea' id='block_1_5' title="bbox 909 3048 926 3087">
    <p class='ocr_par' dir='ltr' id='par_1_5' title="bbox 909 3048 926 3087">
     <span class='ocr_line' id='line_1_41' title="bbox 909 3048 926 3087; baseline 0 0"><span class='ocrx_word' id='word_1_162' title='bbox 909 3048 926 3087; x_wconf 73' lang='lat' dir='ltr'><strong>a</strong></span> 
     </span>
    </p>
   </div>
   <div class='ocr_carea' id='block_1_6' title="bbox 0 0 1018 3409">
    <p class='ocr_par' dir='ltr' id='par_1_6' title="bbox 0 0 1018 3409">
     <span class='ocr_line' id='line_1_42' title="bbox 0 0 1018 3409; baseline 0 0"><span class='ocrx_word' id='word_1_163' title='bbox 0 0 1018 3409; x_wconf 95' lang='lat' dir='ltr'><strong> </strong></span> 
     </span>
    </p>
   </div>
  </div>
 </body>
</html>
