2025 3409
346 48 551 99 CARMINUM
568 49 608 99 11.
625 50 666 99 2⁰.
892 51 923 101 ss

247 125 343 195 Vaias,
361 144 451 197 neque
468 128 497 181 in
516 127 599 182 terrie
615 126 743 182 morabor

282 202 409 271 Longius,
428 202 587 272 invidiaque
606 202 694 271 major

211 276 304 333 Urbes
322 278 481 347 relinquam.
516 277 580 331 Nou
598 294 657 345 ego,
676 293 827 345 pauperum
913 290 928 335 ε

207 352 329 421 sangaris
347 357 499 422 parentum,
520 369 575 407 non
594 369 645 421 ego
663 368 746 421 quern
764 368 851 420 vocae,

247 428 355 483 Dileote
375 429 526 494 Maecenas,
546 426 628 482 obibo

281 504 308 557 N
310 520 342 558 eo
360 504 454 573 Stygia
472 503 619 557 oohibebor
638 502 720 559 unda

214 578 280 633 Jam
294 578 354 647 jam
371 579 497 633 residunt
516 579 639 633 eruribus
656 595 770 647 asperae

213 653 310 721 Pelles,
330 658 360 708 ei
377 653 469 707 album
487 657 580 707 mutor
597 654 626 708 in
645 654 740 708 alitem
903 669 926 710 ro

248 728 379 797 Superne,
395 732 598 798 nascunturque
615 730 688 783 leven

282 804 337 857 Per
355 804 457 872 digitos
476 804 658 874 humerosque
676 803 792 873 plumae.

210 878 276 932 Jam
295 878 433 933 Daedaleo
451 879 524 933 ocior
545 879 623 933 Ioaro

213 954 308 1008 Visam
325 954 460 1021 gementis
479 953 574 1007 litiora
592 952 705 1023 Bospori

247 1028 395 1098 Syriaeque
415 1028 545 1083 Gaetulae
563 1046 677 1083 eanorue
905 1042 928 1084 ur

280 1104 348 1157 Ales
373 1104 619 1173 Hyperboreosque
637 1120 755 1174 campen

211 1177 261 1233 Me
279 1178 394 1251 Colchus
413 1182 442 1232 et
460 1180 509 1249 qui
527 1179 681 1234 diaimun
701 1182 806 1235 metum

211 1254 320 1307 Marsae
335 1253 452 1308 oohoriin
471 1254 563 1309 Daeua
582 1259 612 1309 et
631 1253 720 1309 ultimi

245 1328 367 1382 Nosoent
386 1328 490 1398 Geloni,
509 1345 554 1383 me
571 1329 678 1398 peritus

280 1402 374 1457 Discat
393 1402 483 1457 Hiber
502 1403 682 1472 Rhodanique
701 1406 790 1473 potor.
901 1421 926 1462 ao

212 1476 315 1531 Absint
332 1478 406 1532 inani
426 1477 523 1531 iuuere
542 1479 641 1532 neniae

211 1551 367 1620 Luciusque
385 1557 480 1621 nunes
501 1556 531 1607 et
550 1551 753 1622 querimoniae;

247 1628 393 1694 Compesce
412 1627 555 1680 clamorem
575 1644 607 1681 ac
625 1627 741 1695 sepulcri

280 1701 364 1760 Mitte
383 1718 563 1772 supervacuae
580 1703 706 1760 honores·
