2025 3409
165 98 167 103 ,
325 43 532 92 craumers
547 46 569 92 a
587 45 627 93 aa
659 88 664 96 .
868 48 898 100 re

78 115 193 171 Occidit
210 118 241 172 et
259 116 368 187 Pelopis
384 119 500 187 genitor,
518 119 631 175 conviva
647 120 769 189 deorum,

114 192 304 261 Tithonusque
323 198 444 249 remotus
460 192 490 249 in
507 211 588 250 auras

78 267 119 322 lllt
136 266 216 321 Jovis
233 268 338 322 arcanis
356 268 447 323 Minos
463 269 607 339 admissus,
623 269 782 341 habentque

114 343 230 397 Tartara
248 342 418 399 Panthoiden
435 345 536 408 iterum
554 344 625 399 Orco
878 361 900 402 re

77 419 246 487 Demissum,
265 419 388 489 quanvis
404 420 491 489 chpeo
509 419 626 490 'trojane
641 420 728 476 refixo

114 494 250 563 Tempora
266 499 387 550 testatus
404 496 471 549 nihil
489 496 562 551 ultra

78 570 189 624 Nereos
206 575 290 639 atque
307 575 399 625 cutem
416 572 499 626 morti
516 575 688 629 concesserat
703 576 788 642 atrae,

114 646 134 698 J
136 646 218 700 udice
235 650 264 700 te
281 662 335 700 non
353 646 479 702 sordidus
496 652 591 703 auctor

80 722 206 776 Natmae
223 722 342 791 verique.
377 723 433 777 Sed
449 740 544 778 omnes
560 741 615 779 una
631 728 724 778 manet
741 740 796 777 nox
878 736 900 776 u

116 798 154 851 Et
172 798 300 851 calcanda
317 798 402 853 semel
418 799 463 853 via
479 800 541 855 leti:

80 872 159 926 Dant
176 873 243 927 alios
261 874 361 927 Furiae
377 878 456 929 torro
474 875 629 945 spectacula
645 875 746 941 Marti3

117 948 212 1002 Exitio
229 952 272 1003 est
289 949 400 1015 aridum
417 966 492 1005 mare
510 951 618 1016 nautis;

82 1024 174 1078 Mixta
191 1040 286 1079 senum
303 1041 335 1094 ae
349 1024 481 1093 juvenum
498 1025 650 1082 densentur
665 1026 770 1089 funera,
787 1023 891 1079 nullum

117 1099 206 1153 Saeva
223 1103 304 1168 eaput
322 1098 484 1169 Prbserpina
500 1100 579 1169 fugit.
875 1115 898 1153 ao

81 1175 130 1229 Mc
149 1186 258 1243 quoque
275 1174 373 1229 devexi
391 1176 503 1245 rapidus
520 1192 611 1231 comes
628 1174 740 1229 Orionis

118 1250 235 1318 Illyricis
252 1250 342 1315 Notus
359 1250 451 1305 obruit
468 1250 557 1305 undis.

83 1326 124 1379 At
141 1328 182 1390 tu,
200 1330 290 1393 nauta,
308 1342 392 1394 vagae
410 1344 445 1381 ne
462 1343 544 1396 parce
561 1326 694 1395 malignus
705 1342 809 1381 arenae

118 1400 234 1465 Ossibus
251 1405 280 1455 et
297 1402 380 1470 capiti
397 1402 537 1456 inhumato

84 1476 251 1531 Particulam
263 1476 341 1531 dare:
356 1477 395 1531 sic
406 1477 588 1547 quodcunque
599 1475 747 1531 minabitur
759 1477 847 1530 llurus
874 1489 898 1530 as

119 1552 262 1606 Fluctibus
281 1553 424 1622 Hesperiis
442 1553 598 1609 Venusinae

84 1623 245 1697 Pleetantur
261 1627 344 1681 silvae
361 1631 391 1682 te
408 1629 517 1697 sospite,
534 1628 674 1697 multaque
691 1643 794 1685 meroes

119 1702 202 1756 Unde
218 1705 311 1771 potest
327 1702 379 1757 tibi
396 1703 499 1757 defluat
516 1719 604 1777 aequo

84 1778 132 1833 Ab
150 1779 221 1832 Jove
238 1778 422 1848 Neptunoque
439 1778 508 1833 sacri
525 1777 638 1833 custode
656 1777 775 1832 Tarenti

119 1854 146 1907 N
148 1854 245 1923 egligis
261 1854 405 1909 immeritis
421 1855 574 1908 nocituram
874 1870 898 1910 so

84 1928 235 1985 Postmodo
252 1932 281 1983 te
297 1930 370 1983 natis
387 1930 512 1983 fraudem
529 1928 719 1983 committeret
753 1928 822 1984 Fors
839 1932 869 1983 et

119 2004 223 2059 Debita
235 2004 300 2073 jura
316 2006 443 2074 vicesque
461 2003 595 2073 superbae

85 2080 124 2133 'le
142 2083 272 2143 maneant
288 2080 390 2149 ipsum:
407 2080 534 2150 precibus
550 2097 604 2133 non
621 2079 730 2149 linquar
745 2079 845 2147 inultis,

119 2155 215 2229 Teque
232 2155 339 2225 piacula
355 2156 429 2211 nulla
446 2156 589 2216 resoluent

86 2230 257 2300 Qrmmquam
274 2231 386 2285 festinas
403 2247 457 2285 non
474 2235 518 2286 est
535 2247 611 2286 mora
627 2232 721 2300 longa3
737 2230 831 2287 licebit
873 2247 896 2285 ss

120 2304 229 2375 Injecto
245 2310 290 2362 ter
305 2306 417 2376 pulvere
434 2322 538 2376 curras

349 2448 353 2457 “
422 2446 530 2502 XXIX.

189 2530 253 2597 lom,
270 2529 358 2585 beatis
375 2546 447 2585 nune
465 2528 589 2583 Arabum
605 2529 710 2585 invides

189 2604 277 2675 Ganis,
294 2609 324 2661 et
340 2621 430 2659 acrem
447 2604 572 2659 militiam
589 2621 670 2674 parm

223 2680 250 2734 N
251 2696 287 2734 cn
304 2684 368 2735 ante
385 2680 499 2734 devictis
518 2679 638 2735 Sabaeae

258 2755 386 2825 Regibus,
404 2755 582 2824 horribilique
599 2755 685 2810 Medo

189 2828 285 2885 Noctis
302 2834 418 2885 catenas.
452 2830 529 2895 Quae
545 2830 598 2885 tibi
615 2830 750 2899 virginum
887 2846 900 2889 Ι

191 2904 294 2974 Sponeo
311 2908 408 2959 necato
425 2904 542 2959 barbara
559 2906 678 2961 servisti

224 2981 296 3034 Puer
313 2980 374 3049 quis
392 2996 427 3033 ex
444 2980 506 3033 aula
523 2980 627 3047 capillis

257 3054 305 3109 Ad
322 3052 449 3121 cyathum
467 3056 605 3107 statuetur
621 3052 718 3120 unctis,

113 3138 127 3183 a
