<?xml version="1.0" encoding="UTF-8"?>
<!DOCTYPE html PUBLIC "-//W3C//DTD XHTML 1.0 Transitional//EN"
    "http://www.w3.org/TR/xhtml1/DTD/xhtml1-transitional.dtd">
<html xmlns="http://www.w3.org/1999/xhtml" xml:lang="en" lang="en">
 <head>
  <title>
</title>
<meta http-equiv="Content-Type" content="text/html;charset=utf-8" />
  <meta name='ocr-system' content='tesseract 3.04.00' />
  <meta name='ocr-capabilities' content='ocr_page ocr_carea ocr_par ocr_line ocrx_word'/>
</head>
<body>
  <div class='ocr_page' id='page_1' title='image "./quintihoratiifl02maclgoog_0208.png"; bbox 0 0 2025 3409; ppageno 0'>
   <div class='ocr_carea' id='block_1_1' title="bbox 84 1 660 57">
    <p class='ocr_par' dir='ltr' id='par_1_1' title="bbox 84 1 660 57">
     <span class='ocr_line' id='line_1_1' title="bbox 84 1 660 57; baseline 0.014 -8"><span class='ocrx_word' id='word_1_1' title='bbox 84 1 130 50; x_wconf 76' lang='grc'><strong>194</strong></span> <span class='ocrx_word' id='word_1_2' title='bbox 357 2 512 55; x_wconf 80' lang='lat' dir='ltr'>HORATII</span> <span class='ocrx_word' id='word_1_3' title='bbox 529 6 660 57; x_wconf 82' lang='lat' dir='ltr'><strong>FLAGOI</strong></span> 
     </span>
    </p>
   </div>
   <div class='ocr_carea' id='block_1_2' title="bbox 81 78 1005 2720">
    <p class='ocr_par' dir='ltr' id='par_1_2' title="bbox 83 78 832 155">
     <span class='ocr_line' id='line_1_2' title="bbox 83 78 832 155; baseline 0.011 -22"><span class='ocrx_word' id='word_1_4' title='bbox 83 78 150 134; x_wconf 87' lang='lat' dir='ltr'><strong>Post</strong></span> <span class='ocrx_word' id='word_1_5' title='bbox 166 80 234 135; x_wconf 89' lang='lat' dir='ltr'><strong>haec</strong></span> <span class='ocrx_word' id='word_1_6' title='bbox 250 81 297 136; x_wconf 89' lang='lat' dir='ltr'><strong>ille</strong></span> <span class='ocrx_word' id='word_1_7' title='bbox 314 87 392 137; x_wconf 87' lang='lat' dir='ltr'><strong>catus</strong></span> <span class='ocrx_word' id='word_1_8' title='bbox 409 86 583 153; x_wconf 84' lang='lat' dir='ltr'><strong>quantumvis</strong></span> <span class='ocrx_word' id='word_1_9' title='bbox 595 86 726 141; x_wconf 88' lang='lat' dir='ltr'><strong>rusticus:</strong></span> <span class='ocrx_word' id='word_1_10' title='bbox 746 86 832 155; x_wconf 68' lang='lat' dir='ltr'><strong>“Ibit</strong></span> 
     </span>
    </p>

    <p class='ocr_par' dir='ltr' id='par_1_3' title="bbox 83 154 936 305">
     <span class='ocr_line' id='line_1_3' title="bbox 83 154 936 231; baseline 0.014 -22"><span class='ocrx_word' id='word_1_11' title='bbox 83 154 142 209; x_wconf 93' lang='lat' dir='ltr'><strong>Ibit</strong></span> <span class='ocrx_word' id='word_1_12' title='bbox 158 172 192 210; x_wconf 91' lang='lat' dir='ltr'><strong>eo</strong></span> <span class='ocrx_word' id='word_1_13' title='bbox 209 173 263 224; x_wconf 87' lang='lat' dir='ltr'><strong>quo</strong></span> <span class='ocrx_word' id='word_1_14' title='bbox 280 156 322 211; x_wconf 83' lang='lat' dir='ltr'><strong>vis</strong></span> <span class='ocrx_word' id='word_1_15' title='bbox 339 159 386 227; x_wconf 91' lang='lat' dir='ltr'><strong>qui</strong></span> <span class='ocrx_word' id='word_1_16' title='bbox 403 176 498 213; x_wconf 82' lang='lat' dir='ltr'><strong>ronam</strong></span> <span class='ocrx_word' id='word_1_17' title='bbox 516 161 662 229; x_wconf 91' lang='lat' dir='ltr'><strong>perdidit,&#39;&#39;</strong></span> <span class='ocrx_word' id='word_1_18' title='bbox 681 160 776 231; x_wconf 87' lang='lat' dir='ltr'><strong>inquit</strong></span> <span class='ocrx_word' id='word_1_19' title='bbox 911 178 936 221; x_wconf 78' lang='lat' dir='ltr'><strong>u</strong></span> 
     </span>
     <span class='ocr_line' id='line_1_4' title="bbox 83 230 739 305; baseline 0.012 -21"><span class='ocrx_word' id='word_1_20' title='bbox 83 230 187 285; x_wconf 87' lang='lat' dir='ltr'><strong>Romae</strong></span> <span class='ocrx_word' id='word_1_21' title='bbox 204 232 304 286; x_wconf 85' lang='lat' dir='ltr'><strong>nutriri</strong></span> <span class='ocrx_word' id='word_1_22' title='bbox 321 234 388 287; x_wconf 91' lang='lat' dir='ltr'><strong>mihi</strong></span> <span class='ocrx_word' id='word_1_23' title='bbox 406 236 528 303; x_wconf 83' lang='lat' dir='ltr'><strong>contigit,</strong></span> <span class='ocrx_word' id='word_1_24' title='bbox 546 240 630 305; x_wconf 85' lang='lat' dir='ltr'><strong>atque</strong></span> <span class='ocrx_word' id='word_1_25' title='bbox 647 236 739 291; x_wconf 85' lang='lat' dir='ltr'><strong>doceri</strong></span> 
     </span>
    </p>

    <p class='ocr_par' dir='ltr' id='par_1_4' title="bbox 84 305 737 377">
     <span class='ocr_line' id='line_1_5' title="bbox 84 305 737 377; baseline 0.012 -18"><span class='ocrx_word' id='word_1_26' title='bbox 84 305 176 360; x_wconf 87' lang='lat' dir='ltr'><strong>Iratus</strong></span> <span class='ocrx_word' id='word_1_27' title='bbox 194 306 284 361; x_wconf 81' lang='lat' dir='ltr'><strong>Graiis</strong></span> <span class='ocrx_word' id='word_1_28' title='bbox 301 314 434 377; x_wconf 85' lang='lat' dir='ltr'><strong>quantum</strong></span> <span class='ocrx_word' id='word_1_29' title='bbox 451 312 589 365; x_wconf 79' lang='lat' dir='ltr'><strong>nocuisset</strong></span> <span class='ocrx_word' id='word_1_30' title='bbox 607 312 737 367; x_wconf 82' lang='lat' dir='ltr'><strong>Achilles.</strong></span> 
     </span>
    </p>

    <p class='ocr_par' dir='ltr' id='par_1_5' title="bbox 85 381 740 454">
     <span class='ocr_line' id='line_1_6' title="bbox 85 381 740 454; baseline 0.008 -20"><span class='ocrx_word' id='word_1_31' title='bbox 85 381 221 449; x_wconf 83' lang='lat' dir='ltr'><strong>Adjecere</strong></span> <span class='ocrx_word' id='word_1_32' title='bbox 237 382 325 438; x_wconf 86' lang='lat' dir='ltr'><strong>bonae</strong></span> <span class='ocrx_word' id='word_1_33' title='bbox 341 386 422 454; x_wconf 83' lang='lat' dir='ltr'><strong>paulo</strong></span> <span class='ocrx_word' id='word_1_34' title='bbox 439 386 501 453; x_wconf 90' lang='lat' dir='ltr'><strong>plus</strong></span> <span class='ocrx_word' id='word_1_35' title='bbox 519 387 588 441; x_wconf 87' lang='lat' dir='ltr'><strong>artis</strong></span> <span class='ocrx_word' id='word_1_36' title='bbox 605 386 740 451; x_wconf 81' lang='lat' dir='ltr'>Athenae,</span> 
     </span>
    </p>

    <p class='ocr_par' dir='ltr' id='par_1_6' title="bbox 84 456 765 529">
     <span class='ocr_line' id='line_1_7' title="bbox 84 456 765 529; baseline 0.006 -18"><span class='ocrx_word' id='word_1_37' title='bbox 84 456 194 512; x_wconf 86' lang='lat' dir='ltr'><strong>Scilicet</strong></span> <span class='ocrx_word' id='word_1_38' title='bbox 210 461 242 512; x_wconf 91' lang='lat' dir='ltr'><strong>ut</strong></span> <span class='ocrx_word' id='word_1_39' title='bbox 258 460 356 513; x_wconf 88' lang='lat' dir='ltr'><strong>vellem</strong></span> <span class='ocrx_word' id='word_1_40' title='bbox 374 478 455 514; x_wconf 68' lang='lat' dir='ltr'><strong>curuo</strong></span> <span class='ocrx_word' id='word_1_41' title='bbox 473 461 633 529; x_wconf 80' lang='lat' dir='ltr'>dignoscere</span> <span class='ocrx_word' id='word_1_42' title='bbox 650 465 765 529; x_wconf 90' lang='lat' dir='ltr'><strong>rectum,</strong></span> 
     </span>
    </p>

    <p class='ocr_par' dir='ltr' id='par_1_7' title="bbox 84 533 936 681">
     <span class='ocr_line' id='line_1_8' title="bbox 85 533 936 606; baseline 0.004 -20"><span class='ocrx_word' id='word_1_43' title='bbox 85 533 179 602; x_wconf 78' lang='lat' dir='ltr'><strong>Atque</strong></span> <span class='ocrx_word' id='word_1_44' title='bbox 195 533 269 588; x_wconf 89' lang='lat' dir='ltr'><strong>inter</strong></span> <span class='ocrx_word' id='word_1_45' title='bbox 286 536 367 590; x_wconf 83' lang='lat' dir='ltr'><strong>silvas</strong></span> <span class='ocrx_word' id='word_1_46' title='bbox 386 536 520 591; x_wconf 78' lang='lat' dir='ltr'><strong>Academi</strong></span> <span class='ocrx_word' id='word_1_47' title='bbox 537 554 670 606; x_wconf 79' lang='lat' dir='ltr'><strong>quaerere</strong></span> <span class='ocrx_word' id='word_1_48' title='bbox 687 554 790 593; x_wconf 81' lang='lat' dir='ltr'><strong>verum</strong></span> <span class='ocrx_word' id='word_1_49' title='bbox 913 556 936 594; x_wconf 73' lang='lat' dir='ltr'><strong>rr</strong></span> 
     </span>
     <span class='ocr_line' id='line_1_9' title="bbox 84 608 754 681; baseline 0.007 -20"><span class='ocrx_word' id='word_1_50' title='bbox 84 608 161 663; x_wconf 87' lang='lat' dir='ltr'><strong>Dura</strong></span> <span class='ocrx_word' id='word_1_51' title='bbox 178 609 228 663; x_wconf 90' lang='lat' dir='ltr'><strong>sed</strong></span> <span class='ocrx_word' id='word_1_52' title='bbox 245 626 371 665; x_wconf 85' lang='lat' dir='ltr'><strong>emovere</strong></span> <span class='ocrx_word' id='word_1_53' title='bbox 387 612 446 665; x_wconf 89' lang='lat' dir='ltr'><strong>loeo</strong></span> <span class='ocrx_word' id='word_1_54' title='bbox 462 629 506 666; x_wconf 85' lang='lat' dir='ltr'><strong>rna</strong></span> <span class='ocrx_word' id='word_1_55' title='bbox 524 616 650 681; x_wconf 86' lang='lat' dir='ltr'><strong>tempora</strong></span> <span class='ocrx_word' id='word_1_56' title='bbox 667 617 754 681; x_wconf 81' lang='lat' dir='ltr'><strong>grate,</strong></span> 
     </span>
    </p>

    <p class='ocr_par' dir='ltr' id='par_1_8' title="bbox 84 683 761 753">
     <span class='ocr_line' id='line_1_10' title="bbox 84 683 761 753; baseline 0.006 -16"><span class='ocrx_word' id='word_1_57' title='bbox 84 683 231 753; x_wconf 80' lang='lat' dir='ltr'><strong>Civilisque</strong></span> <span class='ocrx_word' id='word_1_58' title='bbox 249 686 347 739; x_wconf 86' lang='lat' dir='ltr'><strong>rudem</strong></span> <span class='ocrx_word' id='word_1_59' title='bbox 363 686 429 740; x_wconf 90' lang='lat' dir='ltr'><strong>belli</strong></span> <span class='ocrx_word' id='word_1_60' title='bbox 446 688 513 742; x_wconf 92' lang='lat' dir='ltr'><strong>tulit</strong></span> <span class='ocrx_word' id='word_1_61' title='bbox 531 693 623 743; x_wconf 87' lang='lat' dir='ltr'><strong>aestus</strong></span> <span class='ocrx_word' id='word_1_62' title='bbox 640 688 668 741; x_wconf 91' lang='lat' dir='ltr'><strong>in</strong></span> <span class='ocrx_word' id='word_1_63' title='bbox 685 705 761 742; x_wconf 88' lang='lat' dir='ltr'><strong>arma</strong></span> 
     </span>
    </p>

    <p class='ocr_par' dir='ltr' id='par_1_9' title="bbox 85 759 731 831">
     <span class='ocr_line' id='line_1_11' title="bbox 85 759 731 831; baseline 0.003 -18"><span class='ocrx_word' id='word_1_64' title='bbox 85 759 209 814; x_wconf 83' lang='lat' dir='ltr'><strong>(laeseris</strong></span> <span class='ocrx_word' id='word_1_65' title='bbox 227 762 346 829; x_wconf 78' lang='lat' dir='ltr'>Augusti</span> <span class='ocrx_word' id='word_1_66' title='bbox 362 779 416 815; x_wconf 92' lang='lat' dir='ltr'><strong>non</strong></span> <span class='ocrx_word' id='word_1_67' title='bbox 433 779 597 831; x_wconf 89' lang='lat' dir='ltr'><strong>responsura</strong></span> <span class='ocrx_word' id='word_1_68' title='bbox 613 763 731 817; x_wconf 82' lang='lat' dir='ltr'><strong>lacertis.</strong></span> 
     </span>
    </p>

    <p class='ocr_par' dir='ltr' id='par_1_10' title="bbox 84 835 752 907">
     <span class='ocr_line' id='line_1_12' title="bbox 84 835 752 907; baseline 0.004 -19"><span class='ocrx_word' id='word_1_69' title='bbox 84 835 165 891; x_wconf 89' lang='lat' dir='ltr'><strong>Unde</strong></span> <span class='ocrx_word' id='word_1_70' title='bbox 183 836 262 890; x_wconf 91' lang='lat' dir='ltr'><strong>simul</strong></span> <span class='ocrx_word' id='word_1_71' title='bbox 279 837 398 905; x_wconf 88' lang='lat' dir='ltr'><strong>primum</strong></span> <span class='ocrx_word' id='word_1_72' title='bbox 415 854 460 891; x_wconf 91' lang='lat' dir='ltr'><strong>me</strong></span> <span class='ocrx_word' id='word_1_73' title='bbox 477 838 606 893; x_wconf 84' lang='lat' dir='ltr'><strong>dimisere</strong></span> <span class='ocrx_word' id='word_1_74' title='bbox 625 837 752 907; x_wconf 90' lang='lat' dir='ltr'><strong>Philippi,</strong></span> 
     </span>
    </p>

    <p class='ocr_par' dir='ltr' id='par_1_11' title="bbox 84 911 935 983">
     <span class='ocr_line' id='line_1_13' title="bbox 84 911 935 983; baseline 0.006 -19"><span class='ocrx_word' id='word_1_75' title='bbox 84 911 190 965; x_wconf 86' lang='lat' dir='ltr'><strong>Decisis</strong></span> <span class='ocrx_word' id='word_1_76' title='bbox 207 912 337 966; x_wconf 90' lang='lat' dir='ltr'><strong>humilem</strong></span> <span class='ocrx_word' id='word_1_77' title='bbox 353 914 450 981; x_wconf 91' lang='lat' dir='ltr'><strong>pennis</strong></span> <span class='ocrx_word' id='word_1_78' title='bbox 466 914 628 983; x_wconf 87' lang='lat' dir='ltr'><strong>inopemque</strong></span> <span class='ocrx_word' id='word_1_79' title='bbox 646 914 754 983; x_wconf 85' lang='lat' dir='ltr'><strong>paterni</strong></span> <span class='ocrx_word' id='word_1_80' title='bbox 912 929 935 969; x_wconf 80' lang='lat' dir='ltr'><strong>eu</strong></span> 
     </span>
    </p>

    <p class='ocr_par' dir='ltr' id='par_1_12' title="bbox 83 987 758 1057">
     <span class='ocr_line' id='line_1_14' title="bbox 83 987 758 1057; baseline 0.004 -17"><span class='ocrx_word' id='word_1_81' title='bbox 83 987 121 1041; x_wconf 83' lang='lat' dir='ltr'><strong>Et</strong></span> <span class='ocrx_word' id='word_1_82' title='bbox 137 988 202 1042; x_wconf 88' lang='lat' dir='ltr'><strong>laris</strong></span> <span class='ocrx_word' id='word_1_83' title='bbox 219 991 249 1041; x_wconf 91' lang='lat' dir='ltr'><strong>et</strong></span> <span class='ocrx_word' id='word_1_84' title='bbox 266 988 351 1053; x_wconf 87' lang='lat' dir='ltr'><strong>fundi,</strong></span> <span class='ocrx_word' id='word_1_85' title='bbox 368 993 516 1057; x_wconf 82' lang='lat' dir='ltr'><strong>paupertas</strong></span> <span class='ocrx_word' id='word_1_86' title='bbox 533 989 644 1057; x_wconf 91' lang='lat' dir='ltr'><strong>impulit</strong></span> <span class='ocrx_word' id='word_1_87' title='bbox 661 989 758 1056; x_wconf 87' lang='lat' dir='ltr'><strong>audax,</strong></span> 
     </span>
    </p>

    <p class='ocr_par' dir='ltr' id='par_1_13' title="bbox 83 1062 867 1133">
     <span class='ocr_line' id='line_1_15' title="bbox 83 1062 867 1133; baseline 0.001 -16"><span class='ocrx_word' id='word_1_88' title='bbox 83 1062 125 1117; x_wconf 89' lang='lat' dir='ltr'><strong>Ut</strong></span> <span class='ocrx_word' id='word_1_89' title='bbox 141 1080 235 1117; x_wconf 86' lang='lat' dir='ltr'><strong>versus</strong></span> <span class='ocrx_word' id='word_1_90' title='bbox 251 1063 383 1117; x_wconf 85' lang='lat' dir='ltr'><strong>facerem:</strong></span> <span class='ocrx_word' id='word_1_91' title='bbox 400 1064 450 1117; x_wconf 92' lang='lat' dir='ltr'><strong>sed</strong></span> <span class='ocrx_word' id='word_1_92' title='bbox 467 1064 542 1133; x_wconf 92' lang='lat' dir='ltr'><strong>quod</strong></span> <span class='ocrx_word' id='word_1_93' title='bbox 558 1081 612 1117; x_wconf 89' lang='lat' dir='ltr'><strong>non</strong></span> <span class='ocrx_word' id='word_1_94' title='bbox 630 1064 702 1119; x_wconf 92' lang='lat' dir='ltr'><strong>desit</strong></span> <span class='ocrx_word' id='word_1_95' title='bbox 719 1064 867 1119; x_wconf 79' lang='lat' dir='ltr'><strong>habentem</strong></span> 
     </span>
    </p>

    <p class='ocr_par' dir='ltr' id='par_1_14' title="bbox 84 1138 823 1209">
     <span class='ocr_line' id='line_1_16' title="bbox 84 1138 823 1209; baseline 0.003 -18"><span class='ocrx_word' id='word_1_96' title='bbox 84 1138 159 1203; x_wconf 84' lang='lat' dir='ltr'><strong>Quae</strong></span> <span class='ocrx_word' id='word_1_97' title='bbox 176 1142 306 1207; x_wconf 89' lang='lat' dir='ltr'><strong>poterunt</strong></span> <span class='ocrx_word' id='word_1_98' title='bbox 322 1156 442 1207; x_wconf 88' lang='lat' dir='ltr'><strong>unquam</strong></span> <span class='ocrx_word' id='word_1_99' title='bbox 460 1140 528 1194; x_wconf 91' lang='lat' dir='ltr'><strong>satis</strong></span> <span class='ocrx_word' id='word_1_100' title='bbox 545 1156 695 1209; x_wconf 82' lang='lat' dir='ltr'><strong>expurgare</strong></span> <span class='ocrx_word' id='word_1_101' title='bbox 713 1140 823 1205; x_wconf 86' lang='lat' dir='ltr'><strong>cicutae,</strong></span> 
     </span>
    </p>

    <p class='ocr_par' dir='ltr' id='par_1_15' title="bbox 82 1213 1005 1433">
     <span class='ocr_line' id='line_1_17' title="bbox 82 1213 1005 1285; baseline 0.001 -17"><span class='ocrx_word' id='word_1_102' title='bbox 82 1213 120 1267; x_wconf 86' lang='lat' dir='ltr'><strong>Ni</strong></span> <span class='ocrx_word' id='word_1_103' title='bbox 138 1215 234 1268; x_wconf 91' lang='lat' dir='ltr'><strong>melius</strong></span> <span class='ocrx_word' id='word_1_104' title='bbox 252 1214 371 1269; x_wconf 91' lang='lat' dir='ltr'><strong>dormire</strong></span> <span class='ocrx_word' id='word_1_105' title='bbox 387 1218 483 1282; x_wconf 89' lang='lat' dir='ltr'><strong>putem</strong></span> <span class='ocrx_word' id='word_1_106' title='bbox 501 1231 582 1282; x_wconf 87' lang='lat' dir='ltr'><strong>quam</strong></span> <span class='ocrx_word' id='word_1_107' title='bbox 601 1214 720 1269; x_wconf 91' lang='lat' dir='ltr'><strong>scribere</strong></span> <span class='ocrx_word' id='word_1_108' title='bbox 737 1216 850 1269; x_wconf 74' lang='lat' dir='ltr'><strong>versus?</strong></span> <span class='ocrx_word' id='word_1_109' title='bbox 1004 1282 1005 1285; x_wconf 7' lang='grc' dir='ltr'><strong>Ἴ</strong></span> 
     </span>
     <span class='ocr_line' id='line_1_18' title="bbox 83 1289 1005 1360; baseline 0.003 -19"><span class='ocrx_word' id='word_1_110' title='bbox 83 1289 194 1357; x_wconf 75' lang='lat' dir='ltr'><strong>Singula</strong></span> <span class='ocrx_word' id='word_1_111' title='bbox 212 1290 247 1343; x_wconf 91' lang='lat' dir='ltr'><strong>dc</strong></span> <span class='ocrx_word' id='word_1_112' title='bbox 264 1290 342 1343; x_wconf 91' lang='lat' dir='ltr'><strong>nobis</strong></span> <span class='ocrx_word' id='word_1_113' title='bbox 359 1292 421 1343; x_wconf 90' lang='lat' dir='ltr'><strong>anni</strong></span> <span class='ocrx_word' id='word_1_114' title='bbox 439 1290 607 1360; x_wconf 76' lang='lat' dir='ltr'><strong>praedantur</strong></span> <span class='ocrx_word' id='word_1_115' title='bbox 625 1294 736 1356; x_wconf 86' lang='lat' dir='ltr'><strong>euntes;</strong></span> <span class='ocrx_word' id='word_1_116' title='bbox 909 1306 933 1344; x_wconf 77' lang='lat'><strong>55</strong></span> <span class='ocrx_word' id='word_1_117' title='bbox 1004 1314 1005 1359; x_wconf 50' lang='grc' dir='ltr'><strong>ξ</strong></span> 
     </span>
     <span class='ocr_line' id='line_1_19' title="bbox 83 1365 742 1433; baseline 0.002 -15"><span class='ocrx_word' id='word_1_118' title='bbox 83 1366 215 1433; x_wconf 82' lang='lat' dir='ltr'><strong>Eripuere</strong></span> <span class='ocrx_word' id='word_1_119' title='bbox 228 1366 314 1433; x_wconf 88' lang='lat' dir='ltr'><strong>jocos,</strong></span> <span class='ocrx_word' id='word_1_120' title='bbox 331 1382 465 1431; x_wconf 86' lang='lat' dir='ltr'><strong>venerem,</strong></span> <span class='ocrx_word' id='word_1_121' title='bbox 484 1366 614 1430; x_wconf 87' lang='lat' dir='ltr'><strong>convivia,</strong></span> <span class='ocrx_word' id='word_1_122' title='bbox 632 1365 742 1431; x_wconf 91' lang='lat' dir='ltr'><strong>ludum;</strong></span> 
     </span>
    </p>

    <p class='ocr_par' dir='ltr' id='par_1_16' title="bbox 82 1440 823 1509">
     <span class='ocr_line' id='line_1_20' title="bbox 82 1440 823 1509; baseline 0 -16"><span class='ocrx_word' id='word_1_123' title='bbox 82 1440 211 1495; x_wconf 80' lang='lat' dir='ltr'><strong>Tendunt</strong></span> <span class='ocrx_word' id='word_1_124' title='bbox 228 1444 392 1508; x_wconf 81' lang='lat' dir='ltr'><strong>extorquere</strong></span> <span class='ocrx_word' id='word_1_125' title='bbox 409 1444 550 1509; x_wconf 49' lang='lat' dir='ltr'><strong>poematum</strong></span> <span class='ocrx_word' id='word_1_126' title='bbox 569 1441 634 1509; x_wconf 92' lang='lat' dir='ltr'><strong>quid</strong></span> <span class='ocrx_word' id='word_1_127' title='bbox 651 1440 747 1495; x_wconf 83' lang='lat' dir='ltr'><strong>faciam</strong></span> <span class='ocrx_word' id='word_1_128' title='bbox 765 1440 823 1494; x_wconf 78' lang='lat' dir='ltr'><strong>visi</strong></span> 
     </span>
    </p>

    <p class='ocr_par' dir='ltr' id='par_1_17' title="bbox 82 1516 832 1583">
     <span class='ocr_line' id='line_1_21' title="bbox 82 1516 832 1583; baseline -0.004 -13"><span class='ocrx_word' id='word_1_129' title='bbox 82 1516 208 1583; x_wconf 89' lang='lat' dir='ltr'><strong>Denique</strong></span> <span class='ocrx_word' id='word_1_130' title='bbox 225 1533 279 1569; x_wconf 93' lang='lat' dir='ltr'><strong>non</strong></span> <span class='ocrx_word' id='word_1_131' title='bbox 296 1532 391 1570; x_wconf 90' lang='lat' dir='ltr'><strong>omnes</strong></span> <span class='ocrx_word' id='word_1_132' title='bbox 408 1516 505 1570; x_wconf 89' lang='lat' dir='ltr'><strong>eadem</strong></span> <span class='ocrx_word' id='word_1_133' title='bbox 522 1516 656 1569; x_wconf 89' lang='lat' dir='ltr'><strong>mirantur</strong></span> <span class='ocrx_word' id='word_1_134' title='bbox 673 1519 832 1583; x_wconf 87' lang='lat' dir='ltr'><strong>amantque:</strong></span> 
     </span>
    </p>

    <p class='ocr_par' dir='ltr' id='par_1_18' title="bbox 83 1591 738 1659">
     <span class='ocr_line' id='line_1_22' title="bbox 83 1591 738 1659; baseline -0.002 -13"><span class='ocrx_word' id='word_1_135' title='bbox 83 1591 208 1646; x_wconf 79' lang='lat' dir='ltr'><strong>Carmine</strong></span> <span class='ocrx_word' id='word_1_136' title='bbox 225 1595 257 1645; x_wconf 92' lang='lat' dir='ltr'><strong>tu</strong></span> <span class='ocrx_word' id='word_1_137' title='bbox 273 1591 385 1658; x_wconf 73' lang='lat' dir='ltr'><strong>gaudes,</strong></span> <span class='ocrx_word' id='word_1_138' title='bbox 403 1591 447 1644; x_wconf 93' lang='lat' dir='ltr'><strong>hic</strong></span> <span class='ocrx_word' id='word_1_139' title='bbox 464 1591 617 1646; x_wconf 86' lang='lat' dir='ltr'><strong>delectatur</strong></span> <span class='ocrx_word' id='word_1_140' title='bbox 635 1591 738 1659; x_wconf 78' lang='lat' dir='ltr'><strong>iambis,</strong></span> 
     </span>
    </p>

    <p class='ocr_par' dir='ltr' id='par_1_19' title="bbox 82 1666 934 1810">
     <span class='ocr_line' id='line_1_23' title="bbox 83 1666 934 1735; baseline -0.001 -14"><span class='ocrx_word' id='word_1_141' title='bbox 83 1666 134 1721; x_wconf 92' lang='lat' dir='ltr'><strong>Ille</strong></span> <span class='ocrx_word' id='word_1_142' title='bbox 152 1666 260 1720; x_wconf 80' lang='lat' dir='ltr'><strong>Bioneis</strong></span> <span class='ocrx_word' id='word_1_143' title='bbox 278 1666 447 1720; x_wconf 79' lang='lat' dir='ltr'><strong>sermonibus</strong></span> <span class='ocrx_word' id='word_1_144' title='bbox 465 1670 494 1720; x_wconf 92' lang='lat' dir='ltr'><strong>et</strong></span> <span class='ocrx_word' id='word_1_145' title='bbox 513 1667 569 1721; x_wconf 89' lang='lat' dir='ltr'><strong>sale</strong></span> <span class='ocrx_word' id='word_1_146' title='bbox 587 1667 671 1735; x_wconf 85' lang='lat' dir='ltr'><strong>nigro.</strong></span> <span class='ocrx_word' id='word_1_147' title='bbox 910 1682 934 1720; x_wconf 84' lang='lat' dir='ltr'><strong>rc</strong></span> 
     </span>
     <span class='ocr_line' id='line_1_24' title="bbox 82 1741 794 1810; baseline -0.003 -13"><span class='ocrx_word' id='word_1_148' title='bbox 82 1743 149 1797; x_wconf 82' lang='lat' dir='ltr'><strong>Tres</strong></span> <span class='ocrx_word' id='word_1_149' title='bbox 166 1742 233 1795; x_wconf 88' lang='lat' dir='ltr'><strong>mihi</strong></span> <span class='ocrx_word' id='word_1_150' title='bbox 250 1742 377 1796; x_wconf 76' lang='lat' dir='ltr'><strong>convivae</strong></span> <span class='ocrx_word' id='word_1_151' title='bbox 395 1758 479 1810; x_wconf 88' lang='lat' dir='ltr'><strong>prope</strong></span> <span class='ocrx_word' id='word_1_152' title='bbox 497 1742 642 1796; x_wconf 85' lang='lat' dir='ltr'><strong>dissentire</strong></span> <span class='ocrx_word' id='word_1_153' title='bbox 659 1741 794 1809; x_wconf 88' lang='lat' dir='ltr'><strong>videntur,</strong></span> 
     </span>
    </p>

    <p class='ocr_par' dir='ltr' id='par_1_20' title="bbox 82 1816 1005 2265">
     <span class='ocr_line' id='line_1_25' title="bbox 82 1816 1005 1887; baseline 0.004 -16"><span class='ocrx_word' id='word_1_154' title='bbox 82 1818 229 1873; x_wconf 90' lang='lat' dir='ltr'><strong>Poscentes</strong></span> <span class='ocrx_word' id='word_1_155' title='bbox 245 1818 320 1871; x_wconf 84' lang='lat' dir='ltr'><strong>vario</strong></span> <span class='ocrx_word' id='word_1_156' title='bbox 338 1818 454 1871; x_wconf 90' lang='lat' dir='ltr'><strong>multum</strong></span> <span class='ocrx_word' id='word_1_157' title='bbox 472 1816 581 1871; x_wconf 89' lang='lat' dir='ltr'><strong>diversa</strong></span> <span class='ocrx_word' id='word_1_158' title='bbox 597 1818 695 1887; x_wconf 84' lang='lat' dir='ltr'><strong>pelato.</strong></span> <span class='ocrx_word' id='word_1_159' title='bbox 1004 1852 1005 1875; x_wconf 65' lang='lat'>1</span> 
     </span>
     <span class='ocr_line' id='line_1_26' title="bbox 82 1890 1005 1962; baseline -0.003 -14"><span class='ocrx_word' id='word_1_160' title='bbox 82 1894 155 1958; x_wconf 81' lang='lat' dir='ltr'><strong>Quid</strong></span> <span class='ocrx_word' id='word_1_161' title='bbox 166 1894 248 1948; x_wconf 78' lang='lat' dir='ltr'><strong>demi</strong></span> <span class='ocrx_word' id='word_1_162' title='bbox 266 1892 333 1961; x_wconf 90' lang='lat' dir='ltr'><strong>quid</strong></span> <span class='ocrx_word' id='word_1_163' title='bbox 344 1910 398 1947; x_wconf 92' lang='lat' dir='ltr'><strong>non</strong></span> <span class='ocrx_word' id='word_1_164' title='bbox 411 1892 490 1946; x_wconf 80' lang='lat' dir='ltr'><strong>demi</strong></span> <span class='ocrx_word' id='word_1_165' title='bbox 508 1892 600 1946; x_wconf 88' lang='lat' dir='ltr'><strong>renuis</strong></span> <span class='ocrx_word' id='word_1_166' title='bbox 612 1897 644 1947; x_wconf 91' lang='lat' dir='ltr'><strong>tu</strong></span> <span class='ocrx_word' id='word_1_167' title='bbox 656 1892 730 1962; x_wconf 91' lang='lat' dir='ltr'><strong>quod</strong></span> <span class='ocrx_word' id='word_1_168' title='bbox 737 1890 819 1960; x_wconf 90' lang='lat' dir='ltr'><strong>jubet</strong></span> <span class='ocrx_word' id='word_1_169' title='bbox 832 1891 915 1958; x_wconf 91' lang='lat' dir='ltr'><strong>altcr;</strong></span> <span class='ocrx_word' id='word_1_170' title='bbox 1004 1892 1005 1897; x_wconf 73' lang='grc'>’</span> 
     </span>
     <span class='ocr_line' id='line_1_27' title="bbox 83 1966 890 2039; baseline -0.005 -16"><span class='ocrx_word' id='word_1_171' title='bbox 83 1970 162 2033; x_wconf 82' lang='lat' dir='ltr'><strong>Quod</strong></span> <span class='ocrx_word' id='word_1_172' title='bbox 179 1970 252 2039; x_wconf 87' lang='lat' dir='ltr'><strong>petis</strong></span> <span class='ocrx_word' id='word_1_173' title='bbox 268 1969 300 2022; x_wconf 93' lang='lat' dir='ltr'><strong>id</strong></span> <span class='ocrx_word' id='word_1_174' title='bbox 316 1986 382 2023; x_wconf 88' lang='lat' dir='ltr'><strong>sane</strong></span> <span class='ocrx_word' id='word_1_175' title='bbox 399 1971 443 2022; x_wconf 89' lang='lat' dir='ltr'><strong>cst</strong></span> <span class='ocrx_word' id='word_1_176' title='bbox 459 1968 577 2021; x_wconf 89' lang='lat' dir='ltr'><strong>invisum</strong></span> <span class='ocrx_word' id='word_1_177' title='bbox 595 1967 757 2036; x_wconf 85' lang='lat' dir='ltr'><strong>acidumque</strong></span> <span class='ocrx_word' id='word_1_178' title='bbox 775 1966 890 2020; x_wconf 91' lang='lat' dir='ltr'><strong>duobus.</strong></span> 
     </span>
     <span class='ocr_line' id='line_1_28' title="bbox 83 2043 1005 2112; baseline -0.001 -13"><span class='ocrx_word' id='word_1_179' title='bbox 83 2046 196 2100; x_wconf 87' lang='lat' dir='ltr'><strong>Praeter</strong></span> <span class='ocrx_word' id='word_1_180' title='bbox 213 2049 322 2099; x_wconf 87' lang='lat' dir='ltr'><strong>caetera</strong></span> <span class='ocrx_word' id='word_1_181' title='bbox 339 2061 383 2098; x_wconf 90' lang='lat' dir='ltr'><strong>me</strong></span> <span class='ocrx_word' id='word_1_182' title='bbox 401 2043 540 2097; x_wconf 75' lang='lat' dir='ltr'><strong>Romaene</strong></span> <span class='ocrx_word' id='word_1_183' title='bbox 556 2046 683 2112; x_wconf 72' lang='lat' dir='ltr'><strong>poemata</strong></span> <span class='ocrx_word' id='word_1_184' title='bbox 699 2058 794 2096; x_wconf 86' lang='lat' dir='ltr'><strong>censes</strong></span> <span class='ocrx_word' id='word_1_185' title='bbox 908 2058 935 2098; x_wconf 78' lang='lat' dir='ltr'><strong>ot</strong></span> <span class='ocrx_word' id='word_1_186' title='bbox 1004 2076 1005 2081; x_wconf 65' lang='lat'><em>=</em></span> 
     </span>
     <span class='ocr_line' id='line_1_29' title="bbox 82 2117 1005 2189; baseline -0.007 -14"><span class='ocrx_word' id='word_1_187' title='bbox 82 2122 207 2176; x_wconf 83' lang='lat' dir='ltr'><strong>Scribere</strong></span> <span class='ocrx_word' id='word_1_188' title='bbox 224 2137 303 2189; x_wconf 89' lang='lat' dir='ltr'><strong>posse</strong></span> <span class='ocrx_word' id='word_1_189' title='bbox 320 2120 393 2173; x_wconf 90' lang='lat' dir='ltr'><strong>inter</strong></span> <span class='ocrx_word' id='word_1_190' title='bbox 409 2122 453 2173; x_wconf 91' lang='lat' dir='ltr'><strong>tot</strong></span> <span class='ocrx_word' id='word_1_191' title='bbox 470 2135 549 2172; x_wconf 88' lang='lat' dir='ltr'><strong>curas</strong></span> <span class='ocrx_word' id='word_1_192' title='bbox 568 2123 664 2187; x_wconf 91' lang='lat' dir='ltr'><strong>totque</strong></span> <span class='ocrx_word' id='word_1_193' title='bbox 682 2117 805 2171; x_wconf 73' lang='lat' dir='ltr'><strong>labores?</strong></span> <span class='ocrx_word' id='word_1_194' title='bbox 1004 2120 1005 2131; x_wconf 63' lang='lat'>¹</span> 
     </span>
     <span class='ocr_line' id='line_1_30' title="bbox 83 2192 826 2265; baseline -0.008 -14"><span class='ocrx_word' id='word_1_195' title='bbox 83 2197 136 2251; x_wconf 91' lang='lat' dir='ltr'><strong>Hic</strong></span> <span class='ocrx_word' id='word_1_196' title='bbox 153 2213 281 2265; x_wconf 89' lang='lat' dir='ltr'><strong>sponsum</strong></span> <span class='ocrx_word' id='word_1_197' title='bbox 298 2198 384 2260; x_wconf 84' lang='lat' dir='ltr'><strong>vocat,</strong></span> <span class='ocrx_word' id='word_1_198' title='bbox 401 2194 446 2248; x_wconf 90' lang='lat' dir='ltr'><strong>hic</strong></span> <span class='ocrx_word' id='word_1_199' title='bbox 463 2194 587 2247; x_wconf 88' lang='lat' dir='ltr'><strong>auditum</strong></span> <span class='ocrx_word' id='word_1_200' title='bbox 606 2194 706 2262; x_wconf 88' lang='lat' dir='ltr'><strong>scripta</strong></span> <span class='ocrx_word' id='word_1_201' title='bbox 723 2192 826 2245; x_wconf 91' lang='lat' dir='ltr'><strong>relictis</strong></span> 
     </span>
    </p>

    <p class='ocr_par' dir='ltr' id='par_1_21' title="bbox 82 2268 764 2335">
     <span class='ocr_line' id='line_1_31' title="bbox 82 2268 764 2335; baseline -0.01 -8"><span class='ocrx_word' id='word_1_202' title='bbox 82 2273 215 2326; x_wconf 89' lang='lat' dir='ltr'><strong>Omnibus</strong></span> <span class='ocrx_word' id='word_1_203' title='bbox 232 2270 341 2335; x_wconf 90' lang='lat' dir='ltr'><strong>officiis;</strong></span> <span class='ocrx_word' id='word_1_204' title='bbox 358 2269 440 2323; x_wconf 84' lang='lat' dir='ltr'><strong>cubat</strong></span> <span class='ocrx_word' id='word_1_205' title='bbox 457 2269 501 2322; x_wconf 94' lang='lat' dir='ltr'><strong>hic</strong></span> <span class='ocrx_word' id='word_1_206' title='bbox 519 2269 548 2321; x_wconf 89' lang='lat' dir='ltr'><strong>in</strong></span> <span class='ocrx_word' id='word_1_207' title='bbox 565 2268 632 2322; x_wconf 90' lang='lat' dir='ltr'><strong>colle</strong></span> <span class='ocrx_word' id='word_1_208' title='bbox 651 2268 764 2335; x_wconf 85' lang='lat' dir='ltr'><strong>Quirini,</strong></span> 
     </span>
    </p>

    <p class='ocr_par' dir='ltr' id='par_1_22' title="bbox 81 2344 1005 2639">
     <span class='ocr_line' id='line_1_32' title="bbox 82 2344 1005 2417; baseline -0.01 -14"><span class='ocrx_word' id='word_1_209' title='bbox 82 2350 137 2403; x_wconf 78' lang='lat' dir='ltr'><strong>llic</strong></span> <span class='ocrx_word' id='word_1_210' title='bbox 154 2352 277 2403; x_wconf 80' lang='lat' dir='ltr'><strong>extremo</strong></span> <span class='ocrx_word' id='word_1_211' title='bbox 293 2347 322 2399; x_wconf 90' lang='lat' dir='ltr'><strong>in</strong></span> <span class='ocrx_word' id='word_1_212' title='bbox 341 2348 484 2412; x_wconf 68' lang='lat' dir='ltr'><strong>Averino,</strong></span> <span class='ocrx_word' id='word_1_213' title='bbox 503 2344 632 2397; x_wconf 89' lang='lat' dir='ltr'><strong>visendus</strong></span> <span class='ocrx_word' id='word_1_214' title='bbox 651 2347 782 2411; x_wconf 87' lang='lat' dir='ltr'><strong>uterque;</strong></span> <span class='ocrx_word' id='word_1_215' title='bbox 1004 2398 1005 2417; x_wconf 18' lang='grc' dir='ltr'><em>Ε</em></span> 
     </span>
     <span class='ocr_line' id='line_1_33' title="bbox 82 2418 1005 2479; baseline -0.013 -2"><span class='ocrx_word' id='word_1_216' title='bbox 82 2424 230 2479; x_wconf 85' lang='lat' dir='ltr'><strong>intervalla</strong></span> <span class='ocrx_word' id='word_1_217' title='bbox 247 2421 323 2475; x_wconf 88' lang='lat' dir='ltr'><strong>vides</strong></span> <span class='ocrx_word' id='word_1_218' title='bbox 341 2420 458 2473; x_wconf 88' lang='lat' dir='ltr'><strong>humane</strong></span> <span class='ocrx_word' id='word_1_219' title='bbox 476 2419 623 2473; x_wconf 84' lang='lat' dir='ltr'><strong>commoda.</strong></span> <span class='ocrx_word' id='word_1_220' title='bbox 658 2418 763 2473; x_wconf 90' lang='lat' dir='ltr'><strong>Verum</strong></span> <span class='ocrx_word' id='word_1_221' title='bbox 909 2434 933 2473; x_wconf 73' lang='lat' dir='ltr'><strong>rr</strong></span> <span class='ocrx_word' id='word_1_222' title='bbox 1004 2448 1005 2475; x_wconf 69' lang='lat'><strong>,</strong></span> 
     </span>
     <span class='ocr_line' id='line_1_34' title="bbox 82 2492 1005 2567; baseline -0.01 -13"><span class='ocrx_word' id='word_1_223' title='bbox 82 2500 171 2554; x_wconf 87' lang='lat' dir='ltr'><strong>Purae</strong></span> <span class='ocrx_word' id='word_1_224' title='bbox 189 2502 252 2552; x_wconf 88' lang='lat' dir='ltr'><strong>sunt</strong></span> <span class='ocrx_word' id='word_1_225' title='bbox 268 2497 383 2567; x_wconf 87' lang='lat' dir='ltr'><strong>plateae,</strong></span> <span class='ocrx_word' id='word_1_226' title='bbox 400 2495 469 2549; x_wconf 90' lang='lat' dir='ltr'><strong>nihil</strong></span> <span class='ocrx_word' id='word_1_227' title='bbox 486 2498 517 2548; x_wconf 91' lang='lat' dir='ltr'><strong>ut</strong></span> <span class='ocrx_word' id='word_1_228' title='bbox 535 2494 732 2559; x_wconf 83' lang='lat' dir='ltr'><strong>meditantibus</strong></span> <span class='ocrx_word' id='word_1_229' title='bbox 749 2494 848 2547; x_wconf 84' lang='lat' dir='ltr'><strong>obstet</strong></span> <span class='ocrx_word' id='word_1_230' title='bbox 1004 2492 1005 2495; x_wconf 71' lang='grc'>’</span> 
     </span>
     <span class='ocr_line' id='line_1_35' title="bbox 81 2569 780 2639; baseline -0.011 -10"><span class='ocrx_word' id='word_1_231' title='bbox 81 2576 206 2631; x_wconf 83' lang='lat' dir='ltr'><strong>Festinat</strong></span> <span class='ocrx_word' id='word_1_232' title='bbox 222 2572 325 2627; x_wconf 85' lang='lat' dir='ltr'><strong>calidus</strong></span> <span class='ocrx_word' id='word_1_233' title='bbox 342 2570 423 2624; x_wconf 90' lang='lat' dir='ltr'><strong>mulis</strong></span> <span class='ocrx_word' id='word_1_234' title='bbox 440 2570 597 2639; x_wconf 82' lang='lat' dir='ltr'><strong>gerulisque</strong></span> <span class='ocrx_word' id='word_1_235' title='bbox 614 2569 780 2637; x_wconf 88' lang='lat' dir='ltr'><strong>redemptor,</strong></span> 
     </span>
    </p>

    <p class='ocr_par' dir='ltr' id='par_1_23' title="bbox 81 2646 1005 2720">
     <span class='ocr_line' id='line_1_36' title="bbox 81 2646 1005 2720; baseline -0.004 -15"><span class='ocrx_word' id='word_1_236' title='bbox 81 2652 201 2720; x_wconf 78' lang='lat' dir='ltr'><strong>Torquet</strong></span> <span class='ocrx_word' id='word_1_237' title='bbox 219 2664 290 2702; x_wconf 91' lang='lat' dir='ltr'><strong>nunc</strong></span> <span class='ocrx_word' id='word_1_238' title='bbox 307 2646 433 2715; x_wconf 87' lang='lat' dir='ltr'><strong>lapidem,</strong></span> <span class='ocrx_word' id='word_1_239' title='bbox 451 2661 525 2699; x_wconf 91' lang='lat' dir='ltr'><strong>nunc</strong></span> <span class='ocrx_word' id='word_1_240' title='bbox 542 2646 637 2712; x_wconf 85' lang='lat' dir='ltr'><strong>ingens</strong></span> <span class='ocrx_word' id='word_1_241' title='bbox 656 2646 781 2699; x_wconf 87' lang='lat' dir='ltr'><strong>machina</strong></span> <span class='ocrx_word' id='word_1_242' title='bbox 797 2646 914 2713; x_wconf 77' lang='lat' dir='ltr'><strong>tignum,</strong></span> <span class='ocrx_word' id='word_1_243' title='bbox 1004 2676 1005 2701; x_wconf 64' lang='lat' dir='ltr'><strong>r</strong></span> 
     </span>
    </p>
   </div>
   <div class='ocr_carea' id='block_1_3' title="bbox 81 2704 1005 3083">
    <p class='ocr_par' dir='ltr' id='par_1_24' title="bbox 81 2704 1005 2924">
     <span class='ocr_line' id='line_1_37' title="bbox 81 2704 1005 2789; baseline -0.012 -9"><span class='ocrx_word' id='word_1_244' title='bbox 81 2726 180 2779; x_wconf 73' lang='lat' dir='ltr'><strong>&#39;tristia</strong></span> <span class='ocrx_word' id='word_1_245' title='bbox 197 2722 316 2777; x_wconf 89' lang='lat' dir='ltr'><strong>robustis</strong></span> <span class='ocrx_word' id='word_1_246' title='bbox 334 2722 473 2774; x_wconf 87' lang='lat' dir='ltr'><strong>luctantur</strong></span> <span class='ocrx_word' id='word_1_247' title='bbox 491 2721 586 2773; x_wconf 84' lang='lat' dir='ltr'><strong>iuuere</strong></span> <span class='ocrx_word' id='word_1_248' title='bbox 603 2720 739 2789; x_wconf 87' lang='lat' dir='ltr'><strong>plaustris,</strong></span> <span class='ocrx_word' id='word_1_249' title='bbox 1004 2704 1005 2777; x_wconf 72' lang='lat' dir='ltr'><strong>l</strong></span> 
     </span>
     <span class='ocr_line' id='line_1_38' title="bbox 81 2782 1005 2861; baseline 0 -9"><span class='ocrx_word' id='word_1_250' title='bbox 81 2798 143 2852; x_wconf 89' lang='lat' dir='ltr'><strong>Hac</strong></span> <span class='ocrx_word' id='word_1_251' title='bbox 159 2798 267 2852; x_wconf 86' lang='lat' dir='ltr'><strong>rabiosa</strong></span> <span class='ocrx_word' id='word_1_252' title='bbox 279 2796 354 2861; x_wconf 73' lang='lat' dir='ltr'><strong>fugit</strong></span> <span class='ocrx_word' id='word_1_253' title='bbox 372 2796 451 2861; x_wconf 89' lang='lat' dir='ltr'><strong>canis,</strong></span> <span class='ocrx_word' id='word_1_254' title='bbox 469 2795 521 2847; x_wconf 85' lang='lat' dir='ltr'><strong>hac</strong></span> <span class='ocrx_word' id='word_1_255' title='bbox 538 2794 673 2849; x_wconf 86' lang='lat' dir='ltr'><strong>lutulenta</strong></span> <span class='ocrx_word' id='word_1_256' title='bbox 690 2796 746 2849; x_wconf 92' lang='lat' dir='ltr'><strong>ruit</strong></span> <span class='ocrx_word' id='word_1_257' title='bbox 764 2812 823 2849; x_wconf 88' lang='lat' dir='ltr'><strong>sus:</strong></span> <span class='ocrx_word' id='word_1_258' title='bbox 906 2810 933 2852; x_wconf 78' lang='lat'><strong>&#39;1⁵</strong></span> <span class='ocrx_word' id='word_1_259' title='bbox 1004 2782 1005 2823; x_wconf 54' lang='lat'>¹</span> 
     </span>
     <span class='ocr_line' id='line_1_39' title="bbox 82 2868 740 2924; baseline 0 0"><span class='ocrx_word' id='word_1_260' title='bbox 82 2871 97 2924; x_wconf 88' lang='lat'>1</span> <span class='ocrx_word' id='word_1_261' title='bbox 115 2888 185 2923; x_wconf 91' lang='lat' dir='ltr'><strong>nunc</strong></span> <span class='ocrx_word' id='word_1_262' title='bbox 203 2876 232 2923; x_wconf 88' lang='lat' dir='ltr'><strong>et</strong></span> <span class='ocrx_word' id='word_1_263' title='bbox 249 2885 343 2921; x_wconf 86' lang='lat' dir='ltr'><strong>versus</strong></span> <span class='ocrx_word' id='word_1_264' title='bbox 360 2873 451 2922; x_wconf 89' lang='lat' dir='ltr'><strong>tecum</strong></span> <span class='ocrx_word' id='word_1_265' title='bbox 469 2868 603 2922; x_wconf 88' lang='lat' dir='ltr'><strong>meditare</strong></span> <span class='ocrx_word' id='word_1_266' title='bbox 621 2886 740 2924; x_wconf 86' lang='lat' dir='ltr'><strong>canoros.</strong></span> 
     </span>
    </p>

    <p class='ocr_par' dir='ltr' id='par_1_25' title="bbox 82 2941 934 3083">
     <span class='ocr_line' id='line_1_40' title="bbox 82 2941 934 3016; baseline 0.008 -22"><span class='ocrx_word' id='word_1_267' title='bbox 82 2944 249 3008; x_wconf 77' lang='lat' dir='ltr'><strong>Scriptorum</strong></span> <span class='ocrx_word' id='word_1_268' title='bbox 266 2941 363 2993; x_wconf 92' lang='lat' dir='ltr'><strong>chorus</strong></span> <span class='ocrx_word' id='word_1_269' title='bbox 381 2944 467 2995; x_wconf 91' lang='lat' dir='ltr'><strong>omnis</strong></span> <span class='ocrx_word' id='word_1_270' title='bbox 484 2947 559 2996; x_wconf 87' lang='lat' dir='ltr'><strong>amat</strong></span> <span class='ocrx_word' id='word_1_271' title='bbox 576 2960 673 2997; x_wconf 90' lang='lat' dir='ltr'><strong>nemus</strong></span> <span class='ocrx_word' id='word_1_272' title='bbox 691 2948 720 2998; x_wconf 90' lang='lat' dir='ltr'><strong>et</strong></span> <span class='ocrx_word' id='word_1_273' title='bbox 738 2946 808 3013; x_wconf 80' lang='lat' dir='ltr'><strong>fugit</strong></span> <span class='ocrx_word' id='word_1_274' title='bbox 825 2946 934 3016; x_wconf 88' lang='lat' dir='ltr'><strong>urbem,</strong></span> 
     </span>
     <span class='ocr_line' id='line_1_41' title="bbox 83 3014 813 3083; baseline 0.012 -18"><span class='ocrx_word' id='word_1_275' title='bbox 83 3014 147 3065; x_wconf 83' lang='lat' dir='ltr'><strong>Rite</strong></span> <span class='ocrx_word' id='word_1_276' title='bbox 165 3015 248 3064; x_wconf 83' lang='lat' dir='ltr'><strong>cliens</strong></span> <span class='ocrx_word' id='word_1_277' title='bbox 266 3014 364 3066; x_wconf 89' lang='lat' dir='ltr'><strong>Bacchi</strong></span> <span class='ocrx_word' id='word_1_278' title='bbox 383 3031 475 3067; x_wconf 90' lang='lat' dir='ltr'><strong>somno</strong></span> <span class='ocrx_word' id='word_1_279' title='bbox 492 3017 638 3083; x_wconf 86' lang='lat' dir='ltr'><strong>gaudentis</strong></span> <span class='ocrx_word' id='word_1_280' title='bbox 656 3022 686 3073; x_wconf 89' lang='lat' dir='ltr'><strong>et</strong></span> <span class='ocrx_word' id='word_1_281' title='bbox 703 3020 813 3075; x_wconf 87' lang='lat' dir='ltr'><strong>umbra:</strong></span> 
     </span>
    </p>
   </div>
   <div class='ocr_carea' id='block_1_4' title="bbox 0 0 1018 3409">
    <p class='ocr_par' dir='ltr' id='par_1_26' title="bbox 0 0 1018 3409">
     <span class='ocr_line' id='line_1_42' title="bbox 0 0 1018 3409; baseline 0 0"><span class='ocrx_word' id='word_1_282' title='bbox 0 0 1018 3409; x_wconf 95' lang='lat' dir='ltr'><strong> </strong></span> 
     </span>
    </p>
   </div>
  </div>
 </body>
</html>
