2025 3409
339 45 543 97 CARMINUM
559 49 581 99 Ι,
599 52 623 110 5
641 52 665 100 6.
908 80 923 124 5

71 128 111 181 ιιι
129 126 228 181 domus
245 129 323 181 exilis
341 126 483 183 Plutonis:
501 144 556 197 quo
573 128 654 184 simul
670 133 774 207 means

108 202 170 255 Nee
186 218 271 270 regna
287 202 343 255 vini
361 203 477 258 sortiere
493 203 558 258 talis

72 278 99 331 N
101 294 134 331 ee
151 281 278 332 tenerum
296 278 416 347 Lycidan
433 279 575 347 mirabere,
593 296 648 347 quo
664 280 735 335 enlet
747 279 879 345 juventus

107 353 135 407 N
137 370 192 409 unc
209 369 296 420 oQ
314 357 345 409 et
361 370 425 409 mox
441 355 560 425 virgines
576 354 717 503 tepebunt
902 376 926 412 so

397 515 475 545 s
468 481 543 542 V·,

21 594 22 597 ¹
110 574 164 608 ¹⁰¹²*
175 490 307 639 ιιιιιιΜΔ
266 520 360 629 muitu
369 560 477 644 gremiis
494 577 524 627 te
541 588 610 641 puer
626 573 655 626 in
671 590 733 629 rosa

180 649 310 705 Perfusus
327 651 439 720 liquidis
455 652 538 717 urget
554 649 683 704 odoribus

213 725 307 795 Grato,
325 726 437 795 Pyrrha,
454 724 506 779 sub
523 726 622 779 antroi

247 802 299 856 (lui
316 802 414 856 flavam
430 801 531 870 religas
547 816 667 856 eomam.
823 803 929 929 ml
945 827 950 842 ν

178 876 301 947 Simplex
317 877 479 932 munditiisl
515 876 581 930 Heu
597 878 705 945 quoties
721 879 802 932 iidem

178 952 356 1023 liniatosque
372 953 440 1007 deos
457 951 536 1006 flebit
552 955 582 1008 et
599 967 693 1017 aspera

212 1027 307 1096 Nigris
324 1044 443 1098 aequora
458 1028 549 1082 ventis

247 1104 416 1159 limirabitur
432 1103 550 1157 insolens

179 1178 232 1244 Qui
249 1196 322 1234 nune
338 1184 367 1235 te
384 1180 485 1234 fruitur
502 1179 630 1233 credulus
647 1194 745 1243 aurens

179 1254 232 1320 Qui
249 1271 358 1325 semper
374 1270 493 1323 vacuam,
512 1271 621 1324 semper
637 1253 778 1308 amabilem
902 1269 928 1309 rs

212 1330 311 1400 Sperat
327 1332 434 1386 nescius
450 1347 534 1385 aurae

246 1405 368 1461 Fallacia.
401 1406 497 1461 Miseri
515 1406 614 1476 quibus

178 1479 320 1536 lntentata
336 1483 426 1537 nites!
463 1482 512 1535 Me
529 1481 623 1535 tabula
640 1494 715 1535 socer

119 1602 120 1605 ,
178 1556 279 1613 Votiva
294 1558 386 1626 peries
403 1557 507 1611 indicet
523 1557 607 1610 uvida

211 1631 390 1699 Suspendisse
406 1632 515 1701 potenti

244 1707 420 1763 Vestimenta
436 1708 519 1762 maris
536 1705 594 1761 deo

471 1849 523 1903 VI.

176 1928 323 1985 Senianum
340 1931 426 1985 Vario
443 1932 523 1985 fortis
540 1934 570 1986 et
587 1905 795 1993 hostium&

174 2004 272 2061 Victor
288 2007 408 2062 Maeonii
425 2007 552 2061 carminis
567 2007 642 2074 alite,
831 2044 836 2052 -

176 2080 264 2145 Quem
280 2098 339 2137 rem
356 2099 462 2152 cunque
478 2084 557 2137 ferox
573 2083 688 2138 naribus
705 2086 753 2137 aut
769 2086 845 2153 equis

209 2156 292 2211 Miles
308 2160 339 2212 te
356 2158 426 2213 duee
442 2159 577 2226 gesserit.

175 2230 241 2301 Mos,
253 2232 385 2303 Agrippa,
397 2250 486 2303 neque
499 2234 568 2288 haee
584 2233 677 2289 dieere
694 2250 745 2288 nee
761 2246 873 2303 grauem
908 2248 922 2285 s

174 2306 288 2362 Pelidae
305 2308 473 2363 stomachum
491 2310 590 2365 cedere
605 2309 690 2364 nescii

174 2382 233 2438 Nee
250 2400 345 2438 cursus
362 2384 477 2455 duplicis
494 2401 545 2453 per
561 2402 637 2439 mare
654 2384 745 2440 Ulixei

206 2458 268 2514 Nee
284 2476 392 2514 saevam
409 2461 518 2529 Pelopis
535 2461 646 2515 domum

173 2533 310 2589 (lonamur
326 2539 424 2590 tenues
441 2536 562 2605 grandin,
580 2536 647 2589 dum
663 2534 750 2603 pudor

174 2609 350 2681 Imbellisque
366 2612 441 2680 lyrae
459 2612 539 2666 Musa
555 2615 652 2680 potens
669 2613 745 2675 vetat
896 2624 920 2667 le

173 2684 282 2741 Laudes
298 2687 402 2755 egregii
421 2687 546 2741 Caesaris
562 2689 593 2740 et
609 2689 672 2740 tuas

206 2762 294 2829 Culpa
310 2763 437 2816 deterere
453 2762 553 2831 ingeni.

172 2834 238 2900 Quis
256 2838 375 2891 Martem
391 2838 484 2891 tunica
500 2840 604 2891 tectum
621 2835 796 2892 adommim

171 2909 261 2979 Digne
278 2912 417 2981 scripserit
433 2916 482 2964 aut
497 2912 609 2978 pulvere
626 2910 721 2963 'l'roieo

171 2984 287 3053 Nigrum
306 2985 449 3039 Merionen
466 2989 515 3037 aut
531 3001 583 3051 ope
601 2982 719 3036 Palladis
894 2996 916 3037 ur

205 3061 329 3130 Tydiden
347 3058 452 3127 superis
468 3060 581 3126 peremi
