2025 3409
72 78 120 127 rra
346 80 501 128 nouum
518 79 648 129 naseos
743 68 750 83 ¹

70 155 184 212 Invitus.
219 156 296 224 ruga
312 173 424 225 magna:
442 158 508 213 licet
526 159 577 213 sub
595 175 715 228 paupere
731 162 806 215 tecto

70 231 161 298 Reges
179 232 209 285 et
226 248 323 299 regum
341 233 398 288 vita
414 251 593 303 praecurrere
610 235 717 288 amicos.

71 307 174 359 Cervus
192 323 292 374 equum
309 324 400 377 pugna
417 308 514 363 melior
531 309 718 364 communibus
735 309 827 363 herbis

72 380 203 449 Pellebat,
221 382 308 436 donec
325 384 413 437 minor
429 384 458 437 in
476 386 625 439 certamine
645 384 725 453 longo

72 457 232 525 Imploravit
248 473 315 526 opes
332 459 448 513 hominis
464 460 627 530 frenumque
645 448 763 531 recepit';

72 532 128 585 Sed
144 538 289 602 postquam
306 535 393 588 victor
410 535 514 589 violeus
533 536 658 591 discessit
675 536 710 590 ab
727 536 807 590 hoste

72 608 98 661 N
100 624 135 661 on
152 609 273 677 equitem
291 610 379 677 derso,
397 626 452 663 non
468 611 576 665 frenum
594 610 701 680 depulit
719 627 774 665 ore.

72 683 118 737 Sic
134 684 182 752 qui
198 686 357 753 pauperiem
374 686 480 740 veritus
497 687 604 755 potiore
621 686 738 741 metallis

74 758 214 814 Libertate
231 764 315 824 caret,
333 760 473 815 dominum
490 762 567 815 vehit
586 760 727 830 improbus
745 762 828 829 atque
914 776 922 799 -‘

73 834 180 889 Serriet
195 839 346 904 aeteruum,
363 836 429 904 quia
444 853 530 905 parvo
547 837 652 890 nesciet
668 836 717 890 uti.

73 908 125 963 Cui
142 927 196 964 non
213 911 356 965 conueniet
374 927 423 965 sua
440 927 492 979 res,
511 915 543 966 ut
561 912 667 965 calceus
684 911 755 977 olim,

73 984 103 1038 Si
119 987 191 1054 pede
208 986 296 1055 major
313 986 368 1040 erit
385 986 536 1055 subvertet,
554 987 577 1041 si
595 987 683 1040 minor
700 989 770 1042 uret.

73 1059 175 1116 Laetus
192 1065 266 1115 sorte
283 1065 332 1115 tua
349 1062 424 1117 vives
444 1063 589 1131 sapienter,
610 1062 706 1129 Aristi,

73 1134 100 1188 N
102 1152 133 1191 ec
149 1153 194 1192 me
211 1137 334 1191 dimittes
351 1138 542 1206 incastigatum
559 1138 608 1192 ubi
624 1137 705 1207 plura

74 1211 177 1280 (legere
195 1230 276 1282 quam
294 1213 362 1267 satis
378 1218 421 1268 est
438 1231 470 1267 ac
486 1231 541 1268 nen
558 1229 667 1268 cessare
683 1211 803 1267 videbor.

75 1286 198 1356 Imperat
215 1292 263 1343 ant
280 1289 366 1343 servit
382 1289 495 1343 collecta
512 1289 628 1358 pecunia
645 1287 750 1357 cuique,

74 1362 186 1418 'Portum
203 1365 287 1433 digua
304 1365 381 1433 sequi
397 1366 489 1434 potius
507 1381 590 1433 quam
608 1364 710 1417 ducere
727 1363 827 1417 funem.

74 1438 152 1493 Haec
169 1439 221 1493 tibi
237 1440 374 1494 dictabam
391 1444 456 1510 post
471 1441 564 1493 fanum
582 1443 664 1507 putre
682 1438 817 1504 Vacunae,

74 1515 196 1585 Excepto
214 1517 288 1584 quod
306 1533 358 1569 uon
376 1515 456 1569 simul
474 1532 549 1593 esses
566 1519 675 1569 caetera
692 1514 787 1568 laetus

74 1738 149 1802 Qum
166 1738 216 1792 tibi
235 1739 292 1792 visa
310 1737 399 1806 Chios,
419 1738 530 1807 Bullati‚
548 1742 667 1809 notaque
686 1739 796 1806 Lesbos,

74 1814 147 1878 Quid
164 1814 294 1868 concinna
312 1814 414 1881 Samos,
432 1815 501 1883 quid
519 1814 614 1869 Croesi
630 1816 707 1883 regia
724 1815 832 1880 Sardes,

74 1890 188 1957 Smyrna
204 1889 272 1957 quid
289 1893 318 1944 et
336 1890 492 1958 Colophonl
528 1890 637 1958 Majora
653 1890 791 1944 minorave
809 1889 890 1954 fama,

74 1965 214 2018 Cunctane
231 1982 299 2033 prae
317 1965 419 2033 Campo
436 1968 466 2019 et
483 1964 612 2019 'liberino
629 1965 740 2019 flumine
759 1964 888 2019 sordenti

74 2042 120 2094 An
138 2040 213 2094 venit
229 2039 259 2094 in
275 2043 370 2094 votum
389 2040 519 2095 Attalicis
536 2058 571 2095 ex
589 2040 704 2095 urbibus
721 2057 782 2108 una,
914 2055 928 2095 s

47 2148 50 2152 -
75 2118 120 2169 An
138 2115 281 2170 Lebedum
298 2115 394 2170 luudas
412 2117 475 2169 odio
492 2116 677 2185 marisatque
694 2115 814 2169 viaruml

74 2191 132 2245 Scis
150 2190 277 2245 Lebedus
295 2191 363 2259 quid
380 2192 431 2257 sit;
449 2191 545 2245 Gabiis
563 2190 697 2245 desertior
715 2194 799 2259 atque

74 2266 187 2321 Fidenis
203 2267 294 2332 vicus3
310 2270 404 2320 tamen
421 2266 477 2320 illic
494 2267 587 2320 vivere
604 2266 708 2332 vellem,

74 2343 236 2411 Oblitusque
254 2358 377 2395 meorum
395 2341 595 2395 obliviscendus
612 2346 642 2395 et
659 2341 712 2394 illis

74 2419 234 2486 Neptunum
252 2417 347 2486 procrd
365 2434 381 2471 e
398 2420 473 2471 terra
489 2422 613 2485 spectare
631 2417 776 2470 furentem.
906 2432 928 2470 rc

73 2494 130 2549 Sed
146 2510 238 2563 neque
255 2493 303 2562 qui
322 2494 416 2561 Capua
433 2493 549 2547 Romam
566 2492 637 2561 petit
655 2491 742 2544 imbre
760 2491 873 2559 lutoque

74 2571 231 2639 Adspersus
248 2569 324 2622 volet
340 2567 375 2621 im
386 2584 508 2635 caupona
525 2568 631 2632 virere5
648 2583 699 2620 neo
716 2566 764 2635 qui

74 2646 173 2713 Frigus
190 2644 301 2711 collegit
317 2643 412 2697 furnos
430 2646 460 2696 et
477 2642 575 2696 balnea
591 2641 701 2696 laudat'

75 2719 114 2774 Ut
131 2720 300 2773 fortunatam
316 2717 398 2787 plene
415 2718 585 2786 praestantia
601 2718 702 2779 vitam„

74 2793 133 2847 Nec
150 2794 174 2846 si
191 2796 220 2845 te
237 2793 344 2846 validus
357 2792 505 2860 jactaverit
524 2795 629 2847 Auster
646 2793 674 2846 in
692 2791 755 2861 alto,
908 2806 932 2847 ιε

74 2867 181 2921 Idcirco
198 2883 296 2920 navem
312 2871 390 2921 trans
408 2868 550 2934 Aegaeum
568 2883 643 2921 marc
659 2867 770 2921 vendas.

74 2940 207 2993 Incolumi
226 2940 339 2993 Rhodos
356 2943 387 2994 et
404 2939 535 3008 Mytilene
553 2941 667 3008 pulchra
683 2942 751 2996 facit
767 2938 843 3011 quod

74 3014 195 3067 Paenula
211 3013 336 3080 solstitio,
355 3019 510 3082 campestre
528 3016 662 3071 nivalibus
680 3018 761 3085 auris,

73 3088 129 3141 Per
145 3087 270 3140 brumam
289 3087 401 3143 Tiberis
420 3089 519 3145 Sextili
536 3107 630 3146 meuse
647 3094 777 3147 caminus.
