2025 3409
340 64 653 121 cremauerunt.
886 72 920 129 aa

206 148 326 205 Dextros
344 149 470 203 obarmet
487 165 622 218 quaerere
638 149 742 214 dutult

206 224 265 280 b'eo
282 226 352 281 scire
369 223 412 279 ias
430 227 474 279 est
491 224 682 290 omnia3-sed
699 224 749 279 diu

240 301 364 369 Lateque
381 300 508 354 victrices
524 303 652 355 catervae

277 376 404 431 Consiliis
417 375 529 443 juvenis
546 375 668 429 revictae

206 450 321 505 Sensere
339 451 407 520 quid
424 466 503 504 mens
521 450 583 517 rite,
602 450 670 518 qnid
687 450 794 503 indoles

206 526 232 580 N
234 527 321 581 atrita
336 526 435 580 leuatis
452 524 504 579 sub
521 525 708 593 penetralibus

240 601 346 670 Posset,
364 600 432 669 quid
451 600 571 667 Augusti
589 604 722 667 patemus

275 676 310 730 In
327 691 428 746 pueros
446 676 552 729 animus
569 675 701 729 Nerones

208 749 308 805 Fortes
325 754 454 804 creantur
470 750 588 804 fortibus
606 753 637 804 et
654 750 748 815 bonis3

205 824 257 881 Est
273 826 303 879 in
315 824 450 893 juvencis,
468 829 513 880 est
529 826 559 877 in
575 826 654 894 equuis
670 829 781 893 patrum

240 900 345 969 Virtus,
363 916 453 971 neque
469 900 609 953 imbellem
626 900 732 953 feroces

275 977 464 1045 Progenerant
480 975 588 1044 aquilae
605 975 775 1039 columbam

205 1048 339 1104 Doctrina
355 1050 406 1105 sed
423 1052 478 1104 vim
496 1055 639 1118 promovet
655 1052 773 1118 insitam,

206 1123 341 1193 Rectique
357 1126 447 1180 cultus
464 1130 577 1194 pectora
594 1126 738 1192 roborant;

240 1200 389 1270 Utcunque
406 1200 532 1254 deiecere
549 1217 639 1255 mores

275 1276 439 1330 Indeeorant
456 1274 528 1329 bene
544 1281 609 1330 nata
624 1277 729 1345 culpae

206 1349 280 1413 Quid
297 1350 407 1418 debeas,
425 1366 441 1403 o
460 1349 555 1416 Roma,
574 1350 731 1403 Neronibus

204 1424 294 1481 Testis
312 1426 470 1480 Metaurum
487 1424 590 1477 flumen
608 1428 638 1479 et
656 1425 818 1480 Hasdrubal

238 1500 370 1554 Devictus
388 1505 418 1554 et
434 1500 548 1569 pulcher
565 1500 668 1569 fugatis

221 1588 224 1595 ’
274 1575 326 1629 Illo
343 1575 404 1629 dies
422 1576 501 1629 Latio
518 1576 641 1629 tenebris

204 1648 258 1712 Qui
274 1648 379 1718 primus
395 1649 467 1703 alma
483 1650 545 1704 risit
561 1650 670 1718 adorea,

204 1724 289 1778 Dirus
305 1740 356 1792 per
373 1724 457 1778 urbes
475 1725 546 1778 Aler
561 1729 595 1780 ut
613 1726 699 1780 Italas

238 1800 296 1854 Ceu
313 1800 423 1854 flamma
440 1818 490 1869 per
506 1802 604 1856 taedas
622 1802 666 1855 vel
685 1803 773 1855 Eunus

271 1874 327 1929 Per
344 1875 447 1929 Siculas
465 1877 601 1945 equitavit
616 1877 712 1930 undas.

203 1947 270 2004 Post
286 1951 338 2004 hoo
355 1950 482 2007 secundis
498 1968 587 2020 usque
604 1951 743 2005 laboribus
891 1966 915 2006 ts

202 2023 325 2079 Romana
342 2026 429 2095 pubes
446 2026 532 2081 crevit
550 2030 579 2080 et
595 2027 679 2094 impio
772 2028 775 2032 ’

235 2099 353 2155 Vastata
370 2100 524 2154 Poenorum
541 2102 662 2156 tumultu

270 2175 347 2229 Fana
365 2175 432 2229 deos
448 2176 571 2232 habuere
587 2182 691 2242 rectos3

201 2248 334 2319 Dixitque
351 2251 464 2305 tandem
481 2253 603 2319 perfidus
622 2253 774 2308 Hannibal:

201 2324 282 2379 Cervi
299 2325 424 2394 luporum
441 2327 545 2395 praeda
561 2329 699 2396 rapacium
888 2343 913 2383 to

235 2400 377 2453 Sectamur
394 2400 466 2455 ultro
484 2418 553 2471 quos
569 2402 677 2471 opimus

271 2474 377 2529 Fallere
395 2480 424 2530 et
441 2476 563 2545 effugere
580 2481 624 2532 est
640 2476 800 2546 triumphus

200 2548 275 2603 Gens
292 2567 362 2619 quae
379 2556 500 2607 cremato
518 2553 597 2606 fortis
613 2552 649 2606 ab
667 2553 720 2606 Ilio

200 2624 313 2678 «laetata
331 2626 424 2681 Tuscis
440 2628 605 2697 aequoribus
623 2644 699 2681 sacra

233 2699 375 2769 Notosque
392 2707 568 2771 maturosque
584 2706 678 2771 patres
887 2717 912 2761 ts

270 2775 388 2831 Pertulit
407 2778 543 2831 Ausonias
560 2778 596 2831 ad
613 2778 703 2844 urbes,

200 2842 283 2902 Duris
300 2853 333 2904 ut
349 2851 404 2905 ilex
421 2855 501 2905 tonsa
518 2851 681 2919 bipennibus

199 2920 303 2989 Nigrae
318 2925 402 2979 feraci
420 2926 525 2979 frondis
541 2928 570 2979 in
590 2926 698 2993 Algido,

234 2996 289 3051 Per
305 2998 411 3065 damna,
428 3016 479 3066 per
495 3000 600 3063 caedes,
618 3000 654 3050 ab
670 2999 731 3063 ipso

268 3070 353 3124 Ducit
370 3087 436 3139 opes
453 3071 626 3136 animumque
642 3070 722 3121 leno.
888 3092 912 3127 ω
