2025 3409
79 76 127 123 206
353 69 507 122 nomm
523 73 651 123 undem

80 152 125 206 Ne
142 152 231 205 dimin
249 151 335 206 stulte
351 151 451 218 mirati,
468 152 492 205 si
510 153 591 207 modo
611 170 661 221 ego
679 156 709 208 et
725 170 773 208 vos

80 228 186 283 Scimus
203 226 367 280 inurbanum
385 225 477 296 lepido
494 244 626 295 seponere
643 228 719 283 dieto

81 300 302 371 legitimumque
320 318 416 357 senum
433 301 528 371 digitis
545 302 673 357 callemus
691 308 721 357 et
737 321 810 359 aure

82 379 211 446 Ignotum
230 378 352 445 tragicae
369 390 455 446 genus
472 378 607 432 invenisse
625 379 759 433 Camenae
899 395 937 435 27³

82 452 192 509 Dicitur
210 456 241 506 et
257 452 387 521 plaustris
405 454 511 507 vexisse
528 457 655 522 poemate
672 453 793 523 Thespis,

82 529 159 594 Quae
176 532 307 583 canerent
323 533 492 597 agerentque
511 530 636 597 peruncti
653 529 773 583 faecibus
791 547 847 585 eru.

83 605 150 659 Post
167 605 239 658 hunc
256 620 389 673 personae
406 605 549 674 pallaeque
567 608 692 674 repertor
710 606 842 660 honestae

84 680 235 750 Aeschylus
252 687 282 733 et
299 679 413 733 modicis
428 680 557 734 instravit
573 680 679 750 pulpita
696 682 780 749 tignis

84 756 121 811 ut
138 755 231 809 docuit
248 771 432 824 magnumque
448 756 524 823 loqui
541 756 647 825 nitique
665 756 802 810 cothurno.
900 772 937 810 rso

84 831 220 885 Successit
236 835 316 884 vetus
333 829 375 884 his
392 830 538 898 comoedia,
557 847 611 884 non
629 830 686 885 sine
703 831 789 885 multe

85 906 194 972 Laude;
216 905 268 960 scd
284 905 314 958 in
330 905 427 960 sitium
445 905 558 959 libertas
575 905 678 960 excidit
696 909 725 960 et
741 906 796 960 vim

84 981 202 1051 Dignam
219 982 280 1049 lege
298 982 357 1048 regi
366 1002 374 1047 ;
393 980 438 1035 lex
456 984 499 1035 cst
517 985 628 1050 accepta
645 982 795 1051 chorusque

84 1057 211 1126 Turpiter
229 1056 345 1110 obticuit
362 1056 470 1111 sublato
483 1056 549 1125 jure
566 1057 687 1113 nocendi

84 1132 132 1187 Nil
148 1133 317 1187 intentatum
334 1133 422 1186 nostri
439 1132 544 1200 liquere
561 1135 667 1199 poetae,
901 1148 936 1187 aes

85 1207 111 1261 N
113 1224 144 1262 ec
161 1208 303 1261 minimum
320 1224 446 1261 meruere
465 1207 548 1261 decus
565 1207 680 1275 vestigia
698 1208 810 1263 Graeca·

86 1283 157 1337 Ausi
174 1283 302 1337 deserere
318 1286 349 1337 et
365 1282 505 1338 celebrare
525 1283 672 1337 domestica
689 1283 768 1349 lacta,

85 1358 139 1413 Vel
156 1360 204 1429 qui
220 1362 378 1428 praetextas
395 1359 439 1412 vel
457 1359 504 1427 qui
522 1358 639 1412 docuere
656 1362 770 1427 togatas.

85 1433 112 1487 N
114 1450 146 1489 cc
162 1435 267 1489 virtute
284 1435 357 1489 foret
373 1435 486 1489 clarisve
503 1434 641 1502 potentins
658 1434 741 1487 armis

86 1508 174 1573 Quam
191 1509 285 1578 lingua
303 1511 419 1578 Latium,
437 1510 532 1564 sinon
550 1508 702 1563 offenderet
718 1525 801 1563 unum
900 1526 936 1565 nu

87 1584 229 1653 Quemque
246 1587 390 1653 poetarum
407 1584 488 1638 limae
505 1584 582 1638 labor
600 1587 629 1637 et
646 1600 728 1638 mora.
764 1584 829 1651 Vos,
846 1601 863 1637 ο

87 1659 236 1728 Pompilius
253 1658 369 1728 sanguis,
386 1676 496 1713 carmen
514 1658 708 1727 reprehendite
726 1659 800 1728 qued
816 1674 869 1712 nen

86 1735 178 1789 Multa
194 1734 255 1789 dies
271 1738 302 1789 et
318 1735 405 1789 multa
421 1735 504 1790 litura
522 1735 641 1789 coercuit
658 1738 741 1803 utque

87 1810 243 1865 Perfectum
260 1811 351 1865 decies
366 1828 420 1865 uon
437 1812 581 1879 castigavit
598 1811 634 1864 ad
651 1826 774 1879 unguem

87 1886 232 1954 Ingenium
249 1887 349 1941 misera
365 1888 430 1957 quia
445 1888 611 1941 fortunatius
628 1889 689 1941 arte
900 1903 936 1943 sss

88 1961 185 2016 Credit
201 1966 232 2017 et
246 1963 367 2017 excludit
384 1979 463 2016 sanos
481 1961 614 2016 Helicone
632 1965 727 2029 poetas

87 2037 267 2107 Democritus,
284 2039 356 2093 bena
371 2055 436 2109 pars
452 2055 507 2092 nen
524 2054 629 2105 ungnes
645 2054 746 2105 ponere
763 2040 848 2107 curet,

86 2113 113 2167 N
115 2128 150 2167 on
167 2114 289 2181 barbam,
307 2119 413 2169 secreta
428 2114 501 2182 petit
518 2113 584 2181 loce,
602 2113 701 2167 balnea
719 2114 794 2168 vitat

86 2187 114 2243 N
115 2190 266 2244 anciscetur
282 2192 355 2244 enim
372 2191 491 2257 pretium
507 2205 661 2257 nomenque
678 2193 782 2258 poetae,

87 2265 117 2320 Si
133 2266 223 2319 tribus
242 2266 382 2334 Anticyris
399 2269 480 2333 caput
497 2264 647 2318 insanabile
664 2280 800 2333 nunquam
898 2280 934 2319 sco

87 2341 200 2396 Tonsori
217 2341 311 2395 Licino
328 2341 501 2395 commiserit
537 2339 561 2392 Ο
580 2352 631 2407 ego
648 2339 747 2407 laevus,

88 2416 141 2482 Qui
158 2433 259 2485 purgor
276 2417 359 2470 bilem
376 2416 428 2469 sub
445 2416 521 2469 verni
541 2414 673 2483 temporie
689 2416 800 2470 horam!

87 2492 114 2546 N
115 2509 149 2545 on
167 2492 236 2544 alius
252 2492 356 2546 faceret
373 2492 487 2564 meliora
504 2494 637 2560 poemata
674 2491 780 2545 Verum

87 2567 135 2621 llil
151 2568 222 2621 tanti
239 2571 289 2621 est
324 2568 399 2635 Ergo
415 2568 514 2636 fungar
531 2566 591 2620 vice
608 2567 684 2635 cotie,
702 2570 813 2620 acutum

87 2641 217 2697 Reddere
235 2659 305 2711 qnae
322 2643 426 2697 ferrum
443 2643 517 2697 valet
533 2658 627 2697 exsors
645 2642 705 2711 ipsa
722 2641 848 2708 secundi3
897 2658 933 2699 scs

86 2718 188 2771 Munus
202 2721 231 2771 et
247 2719 363 2772 officium
378 2720 416 2772 nil
432 2719 553 2787 scribens
567 2718 627 2786 ipse
641 2717 751 2785 docebo,

86 2791 169 2844 Unde
181 2797 315 2858 parentur
329 2810 402 2861 opes,
418 2795 486 2861 quid
501 2794 558 2846 alat
572 2794 726 2862 formetque
743 2796 870 2861 pettam

87 2863 160 2924 Quid
174 2863 277 2933 deccat,
291 2868 360 2935 quid
375 2883 443 2931 non;
466 2872 521 2935 quo
539 2868 633 2932 virtus,
649 2884 703 2937 quo
717 2869 790 2921 ferat
806 2884 888 2923 error.

87 2935 229 2988 scribendi
243 2943 320 2991 recte
335 2956 431 3007 sapere
446 2947 490 2993 est
505 2947 535 2994 ct
552 2942 717 3010 principium
734 2945 763 2996 et
778 2943 853 2999 sons:

87 3002 158 3054 Rern
172 3006 224 3057 tibi
241 3008 393 3063 Socraticae
411 3016 543 3078 poterunt
558 3016 705 3070 ostendere
720 3017 840 3084 chartac,
897 3035 932 3077 sle

87 3074 234 3141 Verbaque
250 3083 385 3144 provisam
402 3100 461 3137 rem
478 3091 533 3139 non
550 3088 636 3142 invite
654 3097 812 3160 sequentur.
