2025 3409
113 48 146 95 2¹}

390 53 545 104 HORATII
561 54 691 104 FLAGOI

288 132 434 188 consultus
451 150 520 200 erro,
538 150 609 186 nunc
626 138 777 191 retrorsum

322 207 392 262 Vela
409 210 475 263 dura
491 213 575 277 atque
591 209 692 264 iterare
707 223 804 263 eurem

254 284 342 353 Cogor
359 285 483 339 relictos:
501 301 618 354 namque
636 282 779 355 Diespiter.
954 307 966 348 s

254 360 317 429 Igni
335 378 444 416 conisae
461 361 555 415 nubila
573 362 697 416 dividens

288 437 459 508 Plerumque,
477 456 527 508 par
544 455 643 507 purum
660 443 787 494 tonantes

322 514 388 582 Egit
405 531 488 584 equos
505 515 696 585 volucremque
714 534 830 587 currum,

254 588 314 653 Quo
331 589 413 643 bruta
430 590 512 643 tellus
529 594 558 644 et
575 607 644 658 vaga
660 592 780 659 flumina,

254 664 314 729 Quo
332 664 399 733 Styx
417 669 446 719 et
463 665 542 719 invisi
560 665 671 720 horrida
689 666 802 721 Taenari
951 683 971 723 u

288 740 374 794 Sedes
392 741 595 809 Atlanteusque
612 741 675 795 finis

323 816 489 870 Concutitur.
525 816 608 871 Valet
624 817 679 871 ima
696 818 808 872 summis

254 890 364 945 Mutare
382 895 411 945 et
427 892 560 960 insignem
578 896 703 947 attenuat
720 893 788 947 deus

255 965 377 1020 Obscura
394 984 539 1037 promens3
557 968 619 1021 hinc
636 969 739 1037 apicem
757 985 841 1038 rapax

289 1042 409 1096 Fortuna
427 1060 488 1096 cum
506 1043 624 1096 stridore
641 1047 721 1097 acuto
951 1060 972 1100 rs

323 1117 446 1187 Sustulit,
464 1118 509 1172 hic
525 1119 648 1187 posuisse
664 1119 773 1187 gaudet

483 1257 601 1312 XXXV.

255 1341 279 1395 0
297 1360 372 1411 orvs,
389 1345 498 1411 gratum
517 1358 587 1411 quae
603 1341 677 1409 regis
696 1341 818 1411 Antium,

256 1416 388 1471 Praesens
405 1418 447 1471 vel
465 1417 520 1469 imo
537 1416 634 1470 tollere
652 1417 687 1470 de
704 1417 792 1485 gradu

289 1492 405 1545 Mortale
423 1508 520 1561 corpus
537 1492 580 1545 vel
598 1491 729 1560 superbos

324 1568 440 1621 Vertere
456 1566 598 1621 funeribus
615 1567 774 1636 triumphos,

255 1644 293 1697 Te
310 1659 413 1712 pauper
430 1642 517 1697 ambit
535 1642 650 1697 sollicita
667 1660 748 1713 prece

256 1718 339 1772 Ruris
356 1718 471 1788 colenus,
489 1723 518 1773 te
536 1718 673 1772 dominam
690 1718 815 1787 aequoris

290 1795 449 1864 Quicunque
466 1794 585 1863 Bithyna
602 1794 710 1847 lacessit

324 1870 499 1939 Carpathium
517 1870 629 1938 pelagus
647 1870 745 1923 carina

255 1946 294 1999 'le
311 1946 401 1999 Dacus
419 1962 505 2015 asper,
523 1950 553 2000 te
570 1944 678 2013 profugi
696 1944 812 2011 Scythae

255 2020 399 2090 Urbesque
416 2025 567 2088 gentesque
584 2023 613 2073 et
632 2019 740 2073 Latium
757 2020 834 2072 ferox

290 2096 449 2164 Regnrmque
466 2099 568 2149 matres
585 2094 763 2148 barbarorum
780 2098 810 2148 et

324 2170 457 2239 Purpurei
474 2174 602 2225 metuunt
618 2170 732 2237 tyranni,

257 2246 391 2316 Injurioso
408 2263 444 2300 ne
460 2246 531 2314 pede
548 2261 663 2314 proruas

256 2324 380 2377 Stantem
398 2322 557 2389 columnam,
575 2337 629 2374 neu
646 2319 761 2387 populus
777 2320 908 2389 frequens

290 2399 338 2452 Ad
354 2414 429 2452 arma
445 2400 589 2465 cessantes,
608 2396 645 2450 ad
661 2412 737 2449 arma
948 2415 972 2455 ιι

323 2472 447 2528 Concitet
464 2472 662 2540 imperiumque
679 2470 793 2537 frangat

255 2550 292 2604 Te
310 2566 417 2618 semper
435 2550 522 2602 anteit
540 2564 620 2601 saeva
638 2547 795 2600 Necessitas

254 2626 351 2681 Claros
368 2624 487 2679 trabales
504 2627 534 2677 et
551 2640 649 2677 cuneos
667 2637 749 2675 manu

289 2702 407 2756 (lestans
424 2705 499 2768 aina,
517 2716 567 2753 nec
585 2714 696 2753 severus
859 2697 862 2704 '

322 2775 415 2830 Uncus
432 2776 511 2829 abest
527 2775 716 2843 liquidumque
732 2770 880 2841 plumbum
946 2792 971 2830 n

254 2852 293 2906 Te
311 2851 379 2920 Spes
397 2854 426 2904 et
444 2850 505 2903 albo
523 2867 586 2904 rara
605 2849 689 2903 Fides
706 2849 772 2901 colit

255 2927 355 2982 Velata
371 2941 460 2993 panno
478 2942 528 2979 nec
545 2925 672 2979 comitem
690 2923 814 2991 abnegat¹

290 3001 437 3066 Utcunque
454 3003 561 3053 mutata
579 3003 705 3069 potentes

324 3075 410 3127 Veste
430 3072 524 3126 domos
541 3073 650 3127 inimica
665 3073 774 3143 linquis.
