2025 3409
417 293 692 361 SATIRARUM

313 525 474 587 LIBER
509 528 792 591 SEOUNDUs

540 768 555 821 Ῑ

121 850 225 907 “Sese
242 852 342 922 quibus
359 853 387 907 in
405 852 491 907 satira
507 852 604 907 videor
621 851 703 906 nimis
720 868 784 907 acer
801 856 830 906 et
846 852 921 909 ultra

121 926 229 994 Legem
247 929 362 983 tendere
380 946 462 999 opus;
480 929 539 983 sine
557 928 647 982 nervis
664 929 751 982 altera
767 928 903 997 quidquid

122 1003 271 1073 composui
288 1021 352 1073 pars
370 1022 431 1059 esse
447 1009 535 1075 putat,
555 1004 710 1073 similesque
728 1022 849 1059 meorum

121 1078 204 1133 Mille
222 1080 267 1134 die
284 1097 379 1135 versus
397 1082 496 1136 deduci
514 1098 600 1149 posse.
636 1080 755 1149 Trebati,

2 1212 8 1234 ³
122 1153 973 1227 Quidfaciampraescribe”“Quiescas.’'“Neiaciam,inquis‚s

122 1228 244 1284 Omnino
261 1233 389 1287 versusi”
420 1233 517 1287 “Alo.”
548 1232 687 1286 “Permm
704 1233 775 1287 male
793 1234 816 1286 si
833 1250 887 1287 non

121 1305 266 1373 Optimum
284 1312 360 1363 erat:
378 1325 472 1362 rerum
490 1324 597 1378 nequeo
615 1308 757 1361 dormire.”
789 1308 863 1362 “'l'er
879 1310 955 1364 uncti

121 1380 293 1437 Transnantc
312 1383 431 1437 Tiberim
449 1400 543 1438 somno
561 1383 660 1453 quibus
678 1387 721 1438 est
738 1400 805 1453 epus
822 1384 884 1453 alte,

121 1456 318 1527 Irriguumque
335 1476 410 1513 merc
428 1459 605 1514 subnectam
623 1475 720 1528 corpus
737 1459 864 1515 habento.
928 1494 933 1503 ·

121 1532 185 1585 Aut
202 1533 336 1600 sistantus
354 1552 430 1589 amer
446 1536 584 1589 scribendi
602 1539 632 1589 te
649 1535 723 1604 rapit
740 1536 812 1590 aude
956 1558 976 1595 lo

121 1607 248 1663 Caesaris
264 1609 359 1663 invicti
376 1627 422 1664 res
439 1612 538 1677 dicere,
557 1610 644 1665 multa
660 1610 783 1665 laborum

120 1682 250 1738 Praemia
266 1685 393 1739 laturus‚''
423 1686 591 1755 “cupidum
608 1691 688 1755 pater
705 1688 814 1755 optime,
831 1689 905 1743 vires

119 1758 278 1815 Deficiunt:
295 1778 386 1830 neque
404 1762 476 1816 enim
494 1762 583 1831 quiris
601 1762 740 1816 horrentia
757 1764 819 1830 pilis

121 1836 244 1902 Agmina
260 1854 311 1891 nec
327 1837 415 1891 fracta
431 1841 579 1906 pereuntes
597 1838 709 1905 cuspide
727 1838 820 1891 Galles

120 1911 184 1964 Aut
200 1911 315 1966 labentis
333 1929 403 1981 equo
421 1913 559 1967 describat
576 1914 689 1967 vulnera
708 1913 826 1966 Parthi.”
952 1929 975 1970 rs

120 1986 279 2041 “Attamen
297 1992 326 2041 et
340 1987 448 2056 justum
465 1993 577 2058 poteras
594 1992 624 2043 et
642 1989 761 2042 seribere
779 1989 887 2058 sertem,

119 2060 277 2129 Scipiadam
294 2068 326 2117 ut
344 2064 452 2133 sapiens
471 2064 613 2118 Lucilius.”
650 2064 758 2118 “Haud
775 2065 842 2117 mihi
860 2066 943 2120 deero

119 2136 192 2191 (lum
210 2154 254 2192 res
271 2141 332 2208 ipsa
348 2140 426 2194 feret
461 2140 524 2193 Nisi
541 2140 641 2194 dextro
658 2146 781 2208 tempore
801 2141 889 2195 Flacci

118 2211 217 2267 Verba
232 2231 282 2283 per
299 2218 433 2269 attentam
451 2231 505 2269 non
522 2216 602 2269 ibunt
622 2215 745 2270 (laeseris
762 2233 864 2281 aurem,

119 2286 175 2342 eui
192 2290 261 2343 male
278 2290 302 2344 si
318 2290 431 2359 palpere
449 2291 604 2345 recalcitrat
621 2291 743 2360 undique
760 2292 859 2346 tutus.'’
949 2310 972 2347 ao

118 2364 253 2428 “Quanto
269 2368 372 2420 rectius
389 2366 440 2420 hoc
457 2384 539 2436 quam
557 2366 632 2421 tristi
649 2366 758 2421 laedere
776 2382 857 2420 versu

117 2441 314 2495 Pantolabum
330 2459 463 2496 scurram
480 2443 748 2509 Nomentanumque
764 2449 897 2511 nepotem,

117 2517 191 2572 (lum
203 2517 255 2571 sibi
267 2518 383 2588 quisque
392 2519 478 2584 timet,
487 2535 651 2587 quamquam
662 2522 706 2571 est
715 2518 839 2583 intactus,
848 2522 876 2571 et
885 2518 970 2572 odiu’

117 2592 218 2657 “Quid
235 2594 349 2648 iaemrnl
385 2593 474 2647 Saltat
491 2595 630 2661 Milonius,
648 2597 681 2647 ut
698 2593 783 2647 semel
800 2593 855 2646 icto

117 2669 246 2723 Accessit
262 2670 353 2723 fervor
370 2669 452 2737 capiti
469 2685 655 2736 numerusque
672 2669 798 2723 lucernis.
947 2686 970 2725 as

116 2745 217 2800 Castor
233 2744 338 2812 gaudet
355 2744 439 2813 equis,
458 2762 508 2798 cro
526 2748 674 2811 prognatus
693 2744 788 2798 ecdem

116 2820 239 2887 Pugnis3
256 2824 323 2889 quot
340 2820 459 2887 capitum
478 2820 579 2890 vivunt,
597 2819 713 2872 totidem
731 2819 883 2875 studiorum

115 2895 223 2951 Millia:
241 2912 285 2949 me
301 2894 420 2963 pedibus
438 2894 557 2948 delectat
575 2894 701 2948 claudere
719 2894 803 2949 verba

115 2971 205 3025 Lucili
222 2972 279 3025 ritu
296 2974 420 3024 nestrum
438 2970 557 3023 melioris
574 2974 699 3038 utroque.

114 3046 172 3103 llle
188 3046 265 3102 velut
281 3044 345 3100 fidis
361 3060 460 3099 armna
476 3043 615 3098 sodalibus
632 3045 696 3098 olim
