2025 3409
90 42 137 89 lot
363 32 519 82 nonam
535 30 666 81 runem

87 119 161 185 Quid
172 116 296 171 studiosa
307 114 403 169 cohors
415 128 528 181 opernm
540 110 640 166 struiti
673 111 734 165 Hoc
745 127 856 182 qnoque
868 128 948 169 curo.

88 194 155 259 Quis
173 193 225 246 sibi
242 208 289 246 res
304 194 397 259 gestas
415 187 537 257 Augusti
554 186 674 242 scribere
691 188 789 242 sumiti

87 270 166 325 Bella
183 269 245 337 quis
261 271 291 322 et
307 283 390 336 paces
407 266 519 334 longum
537 263 667 319 diffundit
683 263 712 317 iu
730 266 843 321 assumi

89 345 163 409 Quid
180 344 269 398 Titius
286 343 410 397 Romana
426 341 504 395 brevi
520 344 653 395 venturus
670 341 698 395 in
716 341 779 394 oral
1011 370 1012 419 3

90 420 227 473 Pindarici
244 419 328 472 fontis
346 418 393 487 qni
411 434 466 472 non
484 416 617 485 expalluit
633 416 755 484 haustus,
846 434 849 440 ·
926 432 952 473 ιι

90 495 228 549 Fastidire
245 494 320 548 lacus
337 498 368 548 et
384 493 458 547 rivos
475 509 558 546 ausus
575 496 693 560 apertos.

89 571 131 625 Ut
147 570 237 625 valeti
255 573 288 623 ut
305 569 430 623 meminit
446 568 549 622 nostrii
585 566 735 621 Fidibusne
752 568 856 622 Latini-¹

90 645 234 701 Thebanos
254 649 350 713 aptare
366 644 462 698 modos
480 643 576 698 studet
593 644 702 711 auspice
720 643 808 713 Musa,

91 724 138 777 An
155 722 260 789 tragica
276 719 399 774 desaevit
416 722 446 773 et
462 719 629 788 ampullatur
644 719 674 772 in
691 721 769 773 nrtel

91 797 165 863 Quid
173 797 241 851 mihi
250 797 346 851 Celsus
356 796 430 863 agiti
447 796 568 849 monitus
576 795 747 863 multumque
758 794 914 849 monendus
926 812 952 852 1⁵

92 873 217 927 Privatae
233 875 266 926 ut
284 875 399 940 quaerat
417 887 490 939 opes,
509 875 537 924 et
555 874 668 938 tangere
685 871 756 923 vitet

92 948 201 1017 Scripta
219 948 359 1001 Palatinus
376 962 554 1018 quaecunque
574 946 680 1014 recepit
697 945 804 1015 Apollo,

92 1025 119 1079 N
121 1041 136 1077 e
154 1024 177 1077 si
195 1024 266 1077 forte
284 1039 347 1075 suas
364 1022 514 1089 repetitum
530 1022 637 1075 venerit
654 1020 718 1073 olim

93 1100 169 1154 Grex
186 1099 277 1152 arium
294 1098 401 1166 plumas
418 1100 528 1151 moreat
545 1096 681 1151 cornicula
697 1097 784 1150 risum

93 1174 215 1229 Furtiris
231 1174 335 1227 nudata
352 1172 494 1226 coloribus.
530 1172 595 1239 ipse
612 1171 680 1241 quid
697 1172 799 1227 auderi
924 1190 954 1229 so

94 1252 170 1314 Quae
187 1249 388 1303 circumvolitas
405 1248 484 1317 agilis
500 1247 612 1316 thyrnal
647 1247 673 1301 N
675 1264 710 1301 on
727 1247 780 1301 tibi
797 1264 914 1317 parvum

94 1323 246 1392 ingenium,
264 1340 318 1376 non
336 1322 468 1377 incultum
486 1326 576 1377 estet
593 1322 713 1392 turpiter
729 1323 837 1378 hirtum

94 1400 150 1453 Seu
166 1400 287 1467 lingnam
305 1399 393 1453 causis
409 1398 484 1452 acuis
501 1414 552 1452 sou
569 1398 653 1452 civica
665 1398 731 1466 jura

95 1473 273 1543 Respondero
290 1491 370 1542 paras
387 1490 436 1527 seu
453 1473 547 1527 condis
565 1474 681 1528 amabile
697 1490 813 1539 carmen,

96 1550 188 1604 Prima
204 1552 276 1605 feres
294 1550 412 1603 hederae
428 1550 549 1603 victricis
566 1550 694 1617 praemia
729 1550 833 1614 Quodsi
922 1568 954 1608 2³

95 1625 209 1693 Frigida
225 1642 352 1682 curarum
368 1625 660 1693 fomentarelinquero
677 1641 771 1694 posses

96 1702 157 1766 Quo
174 1704 205 1755 te
221 1700 345 1755 caelestis
363 1700 496 1768 sapientia
514 1700 627 1754 duceret
644 1702 705 1755 ires.

96 1777 157 1831 Hoc
174 1793 250 1845 opus,
267 1776 317 1830 hoc
334 1775 456 1829 studium
473 1777 552 1844 parvi
569 1793 746 1845 properemus
763 1780 792 1831 et
809 1777 892 1846 ampli

96 1852 126 1906 Si
142 1852 248 1921 patriae
265 1851 396 1918 volumus,
414 1851 437 1904 si
454 1852 534 1905 nobis
550 1851 642 1907 virere
659 1853 721 1907 cari.

96 1928 188 1982 Debes
205 1914 257 1991 ute
273 1927 356 1981 eoem
374 1927 533 1995 rescribere,
551 1928 575 1980 er
592 1928 644 1982 ubi
662 1944 742 1982 rurae
921 1946 951 1986 rr

97 2004 222 2068 Quantae
238 2002 381 2057 conveniat
398 2002 554 2068 Munatius3
572 2020 608 2057 an
624 2004 695 2057 male
712 2007 786 2059 serta

97 2079 194 2134 Gratia
211 2078 390 2147 nequicquam
407 2078 463 2131 coit
480 2082 511 2132 et
528 2078 698 2133 rescinditur.
734 2081 775 2132 At
792 2096 840 2133 ros

97 2156 152 2209 Seu
169 2154 272 2207 calidus
290 2153 399 2221 sanguis
416 2170 466 2207 seu
481 2171 574 2208 rerum
592 2155 700 2209 inscitia
715 2159 798 2209 vexat

97 2229 237 2283 Indomita
254 2229 358 2283 oerrice
374 2230 455 2298 feros,
472 2230 627 2300 ubicunque
645 2231 763 2284 locorum

97 2305 206 2372 Vivitis,
224 2303 328 2371 indigni
345 2305 497 2360 fraternum
515 2322 642 2376 rumpere
659 2306 763 2375 foedus,
921 2324 951 2365 tt

98 2380 222 2435 Pascitur
237 2381 268 2435 iu
284 2385 406 2436 vestrum
423 2382 543 2437 reditum
561 2384 652 2438 votiva
663 2382 788 2452 juvenca

497 2526 549 2581 IV.

98 2610 180 2676 Arsa
196 2610 351 2664 nostrornm
369 2625 525 2662 sermonum
542 2609 657 2663 candide
669 2608 765 2677 judex,

98 2686 171 2751 Quid
187 2702 259 2739 nnnc
276 2689 305 2737 te
323 2684 411 2737 dicam
428 2685 519 2738 facere
536 2684 563 2737 in
580 2685 691 2752 regione
713 2682 840 2741 Pedanai

98 2744 223 2815 seribere
240 2758 315 2829 queo
332 2758 409 2813 orerr
427 2759 581 2813 rerrrerrrr
598 2760 726 2828 operere
743 2760 840 2828 virere,

99 2839 144 2887 An
161 2836 275 2887 taciturn
293 2833 374 2886 silvas
391 2834 464 2887 inter
480 2838 592 2902 reptare
610 2834 739 2902 salubres,

100 2910 248 2961 (iurantem
265 2907 400 2975 quidquid
417 2908 530 2975 dignum
548 2911 671 2978 sapiente
688 2910 813 2981 bonoque
830 2913 891 2967 esti
936 2929 950 2971 s

100 2981 162 3033 Non
178 2984 211 3032 tu
226 2995 324 3045 eorpus
342 2998 404 3035 eras
421 2982 479 3036 sine
495 2988 613 3052 pectore.
648 2985 685 3039 Di
702 2987 755 3041 tibi
772 2988 894 3055 formam,

100 3051 138 3108 Di
154 3051 205 3106 tibi
222 3051 332 3107 divitias
349 3054 486 3109 dederunt
501 3060 645 3127 artemque
661 3060 778 3117 fruendi.
