<?xml version="1.0" encoding="UTF-8"?>
<!DOCTYPE html PUBLIC "-//W3C//DTD XHTML 1.0 Transitional//EN"
    "http://www.w3.org/TR/xhtml1/DTD/xhtml1-transitional.dtd">
<html xmlns="http://www.w3.org/1999/xhtml" xml:lang="en" lang="en">
 <head>
  <title>
</title>
<meta http-equiv="Content-Type" content="text/html;charset=utf-8" />
  <meta name='ocr-system' content='tesseract 3.04.00' />
  <meta name='ocr-capabilities' content='ocr_page ocr_carea ocr_par ocr_line ocrx_word'/>
</head>
<body>
  <div class='ocr_page' id='page_1' title='image "./quintihoratiifl02maclgoog_0144.png"; bbox 0 0 2025 3409; ppageno 0'>
   <div class='ocr_carea' id='block_1_1' title="bbox 73 75 1003 1428">
    <p class='ocr_par' dir='ltr' id='par_1_1' title="bbox 73 75 1003 369">
     <span class='ocr_line' id='line_1_1' title="bbox 73 75 1003 132; baseline -0.006 -1"><span class='ocrx_word' id='word_1_1' title='bbox 73 77 182 132; x_wconf 83' lang='lat' dir='ltr'><strong>Vilibus</strong></span> <span class='ocrx_word' id='word_1_2' title='bbox 199 77 228 130; x_wconf 88' lang='lat' dir='ltr'><strong>in</strong></span> <span class='ocrx_word' id='word_1_3' title='bbox 246 76 319 130; x_wconf 90' lang='lat' dir='ltr'><strong>ludis</strong></span> <span class='ocrx_word' id='word_1_4' title='bbox 337 77 435 130; x_wconf 86' lang='lat' dir='ltr'><strong>dictari</strong></span> <span class='ocrx_word' id='word_1_5' title='bbox 451 75 571 130; x_wconf 77' lang='lat' dir='ltr'><strong>carmina</strong></span> <span class='ocrx_word' id='word_1_6' title='bbox 588 76 687 129; x_wconf 68' lang='lat' dir='ltr'><strong>mulis?</strong></span> <span class='ocrx_word' id='word_1_7' title='bbox 915 85 947 125; x_wconf 71' lang='lat' dir='ltr'><strong>rs</strong></span> <span class='ocrx_word' id='word_1_8' title='bbox 1002 76 1003 111; x_wconf 59' lang='grc' dir='ltr'><strong>Τ</strong></span> 
     </span>
     <span class='ocr_line' id='line_1_2' title="bbox 73 146 1003 225; baseline -0.009 -19"><span class='ocrx_word' id='word_1_9' title='bbox 73 152 99 207; x_wconf 84' lang='lat' dir='ltr'>N</span> <span class='ocrx_word' id='word_1_10' title='bbox 101 169 136 206; x_wconf 94' lang='lat' dir='ltr'><strong>on</strong></span> <span class='ocrx_word' id='word_1_11' title='bbox 148 169 211 219; x_wconf 80' lang='lat' dir='ltr'><strong>ego;</strong></span> <span class='ocrx_word' id='word_1_12' title='bbox 228 168 291 204; x_wconf 82' lang='lat' dir='ltr'><strong>nam</strong></span> <span class='ocrx_word' id='word_1_13' title='bbox 304 152 370 205; x_wconf 84' lang='lat' dir='ltr'><strong>satis</strong></span> <span class='ocrx_word' id='word_1_14' title='bbox 385 156 429 205; x_wconf 86' lang='lat' dir='ltr'><strong>est</strong></span> <span class='ocrx_word' id='word_1_15' title='bbox 437 151 559 220; x_wconf 88' lang='lat' dir='ltr'><strong>equitem</strong></span> <span class='ocrx_word' id='word_1_16' title='bbox 567 150 634 204; x_wconf 92' lang='lat' dir='ltr'><strong>mihi</strong></span> <span class='ocrx_word' id='word_1_17' title='bbox 643 149 782 219; x_wconf 82' lang='lat' dir='ltr'><strong>plaudere,</strong></span> <span class='ocrx_word' id='word_1_18' title='bbox 790 151 822 201; x_wconf 91' lang='lat' dir='ltr'><strong>ut</strong></span> <span class='ocrx_word' id='word_1_19' title='bbox 831 146 943 200; x_wconf 64' lang='lat' dir='ltr'><strong>audiar</strong></span> <span class='ocrx_word' id='word_1_20' title='bbox 1002 174 1003 225; x_wconf 63' lang='lat'>3</span> 
     </span>
     <span class='ocr_line' id='line_1_3' title="bbox 73 224 1003 295; baseline -0.003 -14"><span class='ocrx_word' id='word_1_21' title='bbox 73 226 245 294; x_wconf 73' lang='lat' dir='ltr'><strong>Contemptis</strong></span> <span class='ocrx_word' id='word_1_22' title='bbox 261 226 322 279; x_wconf 88' lang='lat' dir='ltr'><strong>aliis</strong></span> <span class='ocrx_word' id='word_1_23' title='bbox 339 226 451 295; x_wconf 85' lang='lat' dir='ltr'><strong>explosa</strong></span> <span class='ocrx_word' id='word_1_24' title='bbox 469 225 623 279; x_wconf 77' lang='lat' dir='ltr'><strong>Arbuscula</strong></span> <span class='ocrx_word' id='word_1_25' title='bbox 640 224 717 279; x_wconf 88' lang='lat' dir='ltr'><strong>dixit.</strong></span> <span class='ocrx_word' id='word_1_26' title='bbox 1002 228 1003 235; x_wconf 77' lang='grc'>’</span> 
     </span>
     <span class='ocr_line' id='line_1_4' title="bbox 73 297 809 369; baseline -0.007 -14"><span class='ocrx_word' id='word_1_27' title='bbox 73 301 139 355; x_wconf 83' lang='lat' dir='ltr'><strong>Men</strong></span> <span class='ocrx_word' id='word_1_28' title='bbox 156 304 265 355; x_wconf 83' lang='lat' dir='ltr'><strong>moveat</strong></span> <span class='ocrx_word' id='word_1_29' title='bbox 282 303 370 355; x_wconf 84' lang='lat' dir='ltr'><strong>cimex</strong></span> <span class='ocrx_word' id='word_1_30' title='bbox 389 302 530 369; x_wconf 79' lang='lat' dir='ltr'><strong>Pantilius,</strong></span> <span class='ocrx_word' id='word_1_31' title='bbox 548 304 597 355; x_wconf 87' lang='lat' dir='ltr'><strong>aut</strong></span> <span class='ocrx_word' id='word_1_32' title='bbox 613 301 717 355; x_wconf 89' lang='lat' dir='ltr'><strong>cruciet</strong></span> <span class='ocrx_word' id='word_1_33' title='bbox 734 297 809 368; x_wconf 84' lang='lat' dir='ltr'><strong>quod</strong></span> 
     </span>
    </p>

    <p class='ocr_par' dir='ltr' id='par_1_2' title="bbox 74 375 944 594">
     <span class='ocr_line' id='line_1_5' title="bbox 74 375 819 445; baseline -0.003 -17"><span class='ocrx_word' id='word_1_34' title='bbox 74 376 191 431; x_wconf 82' lang='lat' dir='ltr'><strong>Vellicet</strong></span> <span class='ocrx_word' id='word_1_35' title='bbox 207 376 348 430; x_wconf 85' lang='lat' dir='ltr'><strong>absentem</strong></span> <span class='ocrx_word' id='word_1_36' title='bbox 367 376 532 443; x_wconf 88' lang='lat' dir='ltr'><strong>Demetrius,</strong></span> <span class='ocrx_word' id='word_1_37' title='bbox 551 379 600 430; x_wconf 87' lang='lat' dir='ltr'><strong>aut</strong></span> <span class='ocrx_word' id='word_1_38' title='bbox 617 375 692 445; x_wconf 83' lang='lat' dir='ltr'><strong>quod</strong></span> <span class='ocrx_word' id='word_1_39' title='bbox 709 375 819 441; x_wconf 87' lang='lat' dir='ltr'><strong>ineptus</strong></span> 
     </span>
     <span class='ocr_line' id='line_1_6' title="bbox 77 447 944 520; baseline -0.005 -14"><span class='ocrx_word' id='word_1_40' title='bbox 77 450 198 506; x_wconf 85' lang='lat' dir='ltr'><strong>Fannius</strong></span> <span class='ocrx_word' id='word_1_41' title='bbox 211 451 392 520; x_wconf 82' lang='lat' dir='ltr'><strong>Hermogenis</strong></span> <span class='ocrx_word' id='word_1_42' title='bbox 409 451 501 505; x_wconf 87' lang='lat' dir='ltr'><strong>laedat</strong></span> <span class='ocrx_word' id='word_1_43' title='bbox 518 451 629 505; x_wconf 85' lang='lat' dir='ltr'><strong>conviva</strong></span> <span class='ocrx_word' id='word_1_44' title='bbox 647 447 761 517; x_wconf 80' lang='lat' dir='ltr'><strong>Tigellil</strong></span> <span class='ocrx_word' id='word_1_45' title='bbox 914 464 944 503; x_wconf 84' lang='lat' dir='ltr'><strong>so</strong></span> 
     </span>
     <span class='ocr_line' id='line_1_7' title="bbox 75 524 727 594; baseline -0.003 -15"><span class='ocrx_word' id='word_1_46' title='bbox 75 526 179 581; x_wconf 89' lang='lat' dir='ltr'><strong>Plotius</strong></span> <span class='ocrx_word' id='word_1_47' title='bbox 196 530 225 581; x_wconf 87' lang='lat' dir='ltr'><strong>et</strong></span> <span class='ocrx_word' id='word_1_48' title='bbox 244 527 350 593; x_wconf 80' lang='lat' dir='ltr'><strong>Varius,</strong></span> <span class='ocrx_word' id='word_1_49' title='bbox 369 527 514 581; x_wconf 79' lang='lat' dir='ltr'>Maecenas</span> <span class='ocrx_word' id='word_1_50' title='bbox 533 524 727 594; x_wconf 76' lang='lat' dir='ltr'><strong>virgiliusque,</strong></span> 
     </span>
    </p>

    <p class='ocr_par' dir='ltr' id='par_1_3' title="bbox 74 601 852 822">
     <span class='ocr_line' id='line_1_8' title="bbox 74 601 829 671; baseline 0 -18"><span class='ocrx_word' id='word_1_51' title='bbox 74 601 187 669; x_wconf 79' lang='lat' dir='ltr'><strong>Valgius</strong></span> <span class='ocrx_word' id='word_1_52' title='bbox 205 606 235 656; x_wconf 90' lang='lat' dir='ltr'><strong>et</strong></span> <span class='ocrx_word' id='word_1_53' title='bbox 250 602 350 669; x_wconf 86' lang='lat' dir='ltr'><strong>probet</strong></span> <span class='ocrx_word' id='word_1_54' title='bbox 368 602 436 656; x_wconf 83' lang='lat' dir='ltr'><strong>haec</strong></span> <span class='ocrx_word' id='word_1_55' title='bbox 454 602 591 669; x_wconf 79' lang='lat' dir='ltr'><strong>Octavius,</strong></span> <span class='ocrx_word' id='word_1_56' title='bbox 609 602 727 671; x_wconf 85' lang='lat' dir='ltr'><strong>optimus</strong></span> <span class='ocrx_word' id='word_1_57' title='bbox 745 603 829 667; x_wconf 81' lang='lat' dir='ltr'><strong>etque</strong></span> 
     </span>
     <span class='ocr_line' id='line_1_9' title="bbox 74 676 852 745; baseline -0.001 -14"><span class='ocrx_word' id='word_1_58' title='bbox 74 676 177 731; x_wconf 77' lang='lat' dir='ltr'><strong>Fuscus</strong></span> <span class='ocrx_word' id='word_1_59' title='bbox 195 676 308 731; x_wconf 81' lang='lat' dir='ltr'><strong>ethaeo</strong></span> <span class='ocrx_word' id='word_1_60' title='bbox 324 678 429 731; x_wconf 91' lang='lat' dir='ltr'><strong>utinam</strong></span> <span class='ocrx_word' id='word_1_61' title='bbox 447 676 591 732; x_wconf 81' lang='lat' dir='ltr'><strong>Viscorum</strong></span> <span class='ocrx_word' id='word_1_62' title='bbox 609 678 703 732; x_wconf 88' lang='lat' dir='ltr'><strong>laudet</strong></span> <span class='ocrx_word' id='word_1_63' title='bbox 719 678 852 745; x_wconf 83' lang='lat' dir='ltr'><strong>uterque!</strong></span> 
     </span>
     <span class='ocr_line' id='line_1_10' title="bbox 74 752 663 822; baseline 0 -17"><span class='ocrx_word' id='word_1_64' title='bbox 74 752 234 806; x_wconf 78' lang='lat' dir='ltr'><strong>Ambitione</strong></span> <span class='ocrx_word' id='word_1_65' title='bbox 251 753 373 820; x_wconf 80' lang='lat' dir='ltr'><strong>relegata</strong></span> <span class='ocrx_word' id='word_1_66' title='bbox 390 756 419 807; x_wconf 88' lang='lat' dir='ltr'><strong>te</strong></span> <span class='ocrx_word' id='word_1_67' title='bbox 438 753 529 807; x_wconf 89' lang='lat' dir='ltr'><strong>dicere</strong></span> <span class='ocrx_word' id='word_1_68' title='bbox 546 769 663 822; x_wconf 85' lang='lat' dir='ltr'><strong>possum,</strong></span> 
     </span>
    </p>

    <p class='ocr_par' dir='ltr' id='par_1_4' title="bbox 74 827 940 1047">
     <span class='ocr_line' id='line_1_11' title="bbox 74 827 940 897; baseline 0.001 -17"><span class='ocrx_word' id='word_1_69' title='bbox 74 827 168 894; x_wconf 91' lang='lat' dir='ltr'><strong>Pollio,</strong></span> <span class='ocrx_word' id='word_1_70' title='bbox 186 831 223 894; x_wconf 88' lang='lat' dir='ltr'><strong>te,</strong></span> <span class='ocrx_word' id='word_1_71' title='bbox 242 827 376 894; x_wconf 86' lang='lat' dir='ltr'><strong>Messalla,</strong></span> <span class='ocrx_word' id='word_1_72' title='bbox 394 831 442 882; x_wconf 90' lang='lat' dir='ltr'><strong>tuo</strong></span> <span class='ocrx_word' id='word_1_73' title='bbox 460 828 631 897; x_wconf 82' lang='lat' dir='ltr'><strong>cumfratre,</strong></span> <span class='ocrx_word' id='word_1_74' title='bbox 650 827 784 896; x_wconf 87' lang='lat' dir='ltr'><strong>simulque</strong></span> <span class='ocrx_word' id='word_1_75' title='bbox 911 843 940 881; x_wconf 75' lang='lat' dir='ltr'><strong>ss</strong></span> 
     </span>
     <span class='ocr_line' id='line_1_12' title="bbox 74 902 865 971; baseline -0.001 -15"><span class='ocrx_word' id='word_1_76' title='bbox 74 902 139 970; x_wconf 83' lang='lat' dir='ltr'><strong>Vos,</strong></span> <span class='ocrx_word' id='word_1_77' title='bbox 159 902 256 957; x_wconf 91' lang='lat' dir='ltr'><strong>Bibule</strong></span> <span class='ocrx_word' id='word_1_78' title='bbox 274 906 304 957; x_wconf 88' lang='lat' dir='ltr'><strong>et</strong></span> <span class='ocrx_word' id='word_1_79' title='bbox 321 903 406 970; x_wconf 79' lang='lat' dir='ltr'><strong>Servi,</strong></span> <span class='ocrx_word' id='word_1_80' title='bbox 425 904 504 956; x_wconf 91' lang='lat' dir='ltr'><strong>simul</strong></span> <span class='ocrx_word' id='word_1_81' title='bbox 523 903 565 957; x_wconf 86' lang='lat' dir='ltr'><strong>his</strong></span> <span class='ocrx_word' id='word_1_82' title='bbox 583 908 619 971; x_wconf 90' lang='lat' dir='ltr'><strong>te,</strong></span> <span class='ocrx_word' id='word_1_83' title='bbox 638 903 752 957; x_wconf 86' lang='lat' dir='ltr'><strong>candide</strong></span> <span class='ocrx_word' id='word_1_84' title='bbox 771 903 865 971; x_wconf 83' lang='lat' dir='ltr'><strong>Furni,</strong></span> 
     </span>
     <span class='ocr_line' id='line_1_13' title="bbox 74 978 753 1047; baseline 0 -16"><span class='ocrx_word' id='word_1_85' title='bbox 74 978 234 1047; x_wconf 86' lang='lat' dir='ltr'><strong>Complures</strong></span> <span class='ocrx_word' id='word_1_86' title='bbox 251 978 325 1045; x_wconf 91' lang='lat' dir='ltr'><strong>alios,</strong></span> <span class='ocrx_word' id='word_1_87' title='bbox 343 978 436 1032; x_wconf 90' lang='lat' dir='ltr'><strong>doctos</strong></span> <span class='ocrx_word' id='word_1_88' title='bbox 454 996 504 1046; x_wconf 87' lang='lat' dir='ltr'><strong>ego</strong></span> <span class='ocrx_word' id='word_1_89' title='bbox 523 995 591 1047; x_wconf 88' lang='lat' dir='ltr'><strong>quos</strong></span> <span class='ocrx_word' id='word_1_90' title='bbox 609 982 638 1033; x_wconf 89' lang='lat' dir='ltr'><strong>et</strong></span> <span class='ocrx_word' id='word_1_91' title='bbox 654 980 753 1032; x_wconf 81' lang='lat' dir='ltr'><strong>amicos</strong></span> 
     </span>
    </p>

    <p class='ocr_par' dir='ltr' id='par_1_5' title="bbox 75 1053 898 1197">
     <span class='ocr_line' id='line_1_14' title="bbox 75 1053 898 1123; baseline 0.001 -17"><span class='ocrx_word' id='word_1_92' title='bbox 75 1053 200 1107; x_wconf 83' lang='lat' dir='ltr'><strong>Prudens</strong></span> <span class='ocrx_word' id='word_1_93' title='bbox 217 1057 378 1122; x_wconf 73' lang='lat' dir='ltr'><strong>praetereo,</strong></span> <span class='ocrx_word' id='word_1_94' title='bbox 395 1053 494 1122; x_wconf 91' lang='lat' dir='ltr'><strong>quibus</strong></span> <span class='ocrx_word' id='word_1_95' title='bbox 511 1053 585 1121; x_wconf 84' lang='lat' dir='ltr'><strong>haec,</strong></span> <span class='ocrx_word' id='word_1_96' title='bbox 604 1058 667 1107; x_wconf 88' lang='lat' dir='ltr'><strong>sunt</strong></span> <span class='ocrx_word' id='word_1_97' title='bbox 684 1053 898 1123; x_wconf 83' lang='lat' dir='ltr'><strong>qualiacunque,</strong></span> 
     </span>
     <span class='ocr_line' id='line_1_15' title="bbox 76 1127 716 1197; baseline 0.002 -15"><span class='ocrx_word' id='word_1_98' title='bbox 76 1128 209 1183; x_wconf 83' lang='lat' dir='ltr'><strong>Anidere</strong></span> <span class='ocrx_word' id='word_1_99' title='bbox 226 1129 315 1197; x_wconf 82' lang='lat' dir='ltr'><strong>velim,</strong></span> <span class='ocrx_word' id='word_1_100' title='bbox 333 1128 467 1182; x_wconf 89' lang='lat' dir='ltr'><strong>doliturus</strong></span> <span class='ocrx_word' id='word_1_101' title='bbox 484 1127 508 1181; x_wconf 88' lang='lat' dir='ltr'><strong>si</strong></span> <span class='ocrx_word' id='word_1_102' title='bbox 525 1127 650 1196; x_wconf 80' lang='lat' dir='ltr'><strong>plaeeant</strong></span> <span class='ocrx_word' id='word_1_103' title='bbox 666 1144 716 1197; x_wconf 83' lang='lat' dir='ltr'><strong>spe</strong></span> 
     </span>
    </p>

    <p class='ocr_par' dir='ltr' id='par_1_6' title="bbox 75 1202 935 1347">
     <span class='ocr_line' id='line_1_16' title="bbox 75 1202 935 1272; baseline -0.001 -15"><span class='ocrx_word' id='word_1_104' title='bbox 75 1204 203 1257; x_wconf 82' lang='lat' dir='ltr'><strong>Deterius</strong></span> <span class='ocrx_word' id='word_1_105' title='bbox 220 1208 319 1257; x_wconf 81' lang='lat' dir='ltr'><strong>nostra</strong></span> <span class='ocrx_word' id='word_1_106' title='bbox 355 1203 486 1271; x_wconf 80' lang='lat' dir='ltr'><strong>Demetri,</strong></span> <span class='ocrx_word' id='word_1_107' title='bbox 503 1206 595 1271; x_wconf 88' lang='lat' dir='ltr'><strong>teque,</strong></span> <span class='ocrx_word' id='word_1_108' title='bbox 614 1202 718 1272; x_wconf 79' lang='lat' dir='ltr'><strong>Tigelli,</strong></span> <span class='ocrx_word' id='word_1_109' title='bbox 906 1220 935 1261; x_wconf 82' lang='lat' dir='ltr'><strong>co</strong></span> 
     </span>
     <span class='ocr_line' id='line_1_17' title="bbox 75 1278 752 1347; baseline 0.003 -16"><span class='ocrx_word' id='word_1_110' title='bbox 75 1279 273 1347; x_wconf 83' lang='lat' dir='ltr'><strong>Discipnlarum</strong></span> <span class='ocrx_word' id='word_1_111' title='bbox 290 1279 364 1332; x_wconf 89' lang='lat' dir='ltr'><strong>inter</strong></span> <span class='ocrx_word' id='word_1_112' title='bbox 376 1278 462 1346; x_wconf 88' lang='lat' dir='ltr'><strong>jubeo</strong></span> <span class='ocrx_word' id='word_1_113' title='bbox 479 1278 585 1346; x_wconf 83' lang='lat' dir='ltr'><strong>plorare</strong></span> <span class='ocrx_word' id='word_1_114' title='bbox 602 1278 752 1333; x_wconf 81' lang='lat' dir='ltr'><strong>cathedras.</strong></span> 
     </span>
    </p>

    <p class='ocr_par' dir='ltr' id='par_1_7' title="bbox 76 1352 811 1428">
     <span class='ocr_line' id='line_1_18' title="bbox 76 1352 811 1428; baseline 0 -19"><span class='ocrx_word' id='word_1_115' title='bbox 76 1355 100 1424; x_wconf 94' lang='lat' dir='ltr'><strong>I,</strong></span> <span class='ocrx_word' id='word_1_116' title='bbox 115 1372 192 1425; x_wconf 83' lang='lat' dir='ltr'><strong>puer,</strong></span> <span class='ocrx_word' id='word_1_117' title='bbox 208 1358 291 1425; x_wconf 85' lang='lat' dir='ltr'><strong>atque</strong></span> <span class='ocrx_word' id='word_1_118' title='bbox 308 1369 369 1409; x_wconf 89' lang='lat' dir='ltr'><strong>meo</strong></span> <span class='ocrx_word' id='word_1_119' title='bbox 385 1354 456 1410; x_wconf 86' lang='lat' dir='ltr'><strong>citus</strong></span> <span class='ocrx_word' id='word_1_120' title='bbox 472 1352 540 1409; x_wconf 85' lang='lat' dir='ltr'><strong>haee</strong></span> <span class='ocrx_word' id='word_1_121' title='bbox 556 1352 696 1428; x_wconf 77' lang='lat' dir='ltr'><strong>subscribe</strong></span> <span class='ocrx_word' id='word_1_122' title='bbox 711 1353 811 1409; x_wconf 88' lang='lat' dir='ltr'><strong>libello.</strong></span> 
     </span>
    </p>
   </div>
   <div class='ocr_carea' id='block_1_2' title="bbox 0 0 1023 3409">
    <p class='ocr_par' dir='ltr' id='par_1_8' title="bbox 0 0 1023 3409">
     <span class='ocr_line' id='line_1_19' title="bbox 0 0 1023 3409; baseline 0 0"><span class='ocrx_word' id='word_1_123' title='bbox 0 0 1023 3409; x_wconf 95' lang='lat' dir='ltr'><strong> </strong></span> 
     </span>
    </p>
   </div>
  </div>
 </body>
</html>
