2025 3409
376 57 592 106 SATIRARUM
609 55 646 102 II.
665 55 689 105 ὅ.
922 58 967 105 lte

111 136 304 205 Captatorqne
321 134 400 189 dabit
417 136 489 188 risus
506 136 607 189 Nasica
626 132 753 187 Corano!¹

112 212 211 265 “Num
229 212 317 264 fui-iel
334 227 370 263 au
386 211 509 279 prudens
526 211 598 264 ludis
616 228 660 265 me
679 210 793 265 obseura
810 211 931 265 canendo
941 212 966 265 l’'

111 287 162 339 “0
182 286 339 353 Laertiade,
356 286 491 355 quidquid
509 286 597 339 dicam
615 291 663 339 aut
681 287 734 340 erit
750 291 800 340 ant
816 304 886 341 non:

5 391 8 400 ·
111 362 246 415 Divinare
263 362 365 415 etenim
383 378 499 429 maganus
517 362 584 414 mihi
602 362 687 416 donat
706 362 828 429 Apollo.''
943 377 966 417 aa

112 437 213 501 “Quid
230 440 325 490 tanmn
341 436 396 490 ista
413 437 480 489 velit
497 437 550 489 sibi
566 436 666 503 fabula,
685 436 709 489 si
726 436 798 502 lieet,
815 436 889 491 ede.”

112 513 272 581 “Tempore
290 527 344 580 quo
358 511 469 579 juvenis
488 511 597 564 Parthis
614 511 774 580 horrendus,
792 511 828 566 ab
845 512 901 565 alto

1 628 8 642 ³
113 588 273 641 Demissum
291 604 377 655 genus
396 588 501 649 Aenea,
520 587 619 639 tellure
636 587 761 655 marique

113 663 234 731 Magnus
252 662 312 729 erit,
330 662 396 716 forti
413 662 499 715 nubet
516 678 629 729 procera
647 661 753 715 Corano
943 716 948 723 ,

115 738 187 791 Filia
205 737 322 791 Nasicae
339 738 488 790 metuentis
505 736 622 789 reddere
641 735 754 790 eoldum.
944 753 968 792 et

114 814 185 865 Tum
204 829 289 881 gerres
305 813 357 866 boe
375 812 471 865 iaeiet:
489 811 597 865 tabulas
615 828 707 865 socero
725 810 803 865 dabit
819 814 904 880 atque

115 889 158 941 Ut
178 888 253 956 legat
271 888 376 952 orabit;
393 887 511 940 multum
529 886 629 941 Nasica
645 891 757 955 negatas

116 964 244 1032 Accipiet
262 964 374 1016 tandem
392 966 422 1017 et
438 963 538 1016 tacitus
555 963 637 1030 leget,
655 961 829 1031 invenietque

4 1033 9 1090 i
114 1040 164 1092 b'il
182 1039 235 1092 sibi
254 1038 376 1106 legatum
393 1042 503 1106 praeter
520 1037 627 1105 plorare
645 1036 761 1103 suisque.

115 1113 191 1168 iliud
209 1115 246 1168 ad
263 1114 331 1167 haee
343 1113 442 1181 jubeo:
460 1112 560 1165 mulier
575 1113 600 1187 si
617 1112 689 1165 forte
707 1111 800 1165 dolosa
944 1128 967 1167 ro

114 1190 281 1243 Libertusve
299 1206 392 1243 senem
410 1188 526 1240 deliriun
548 1190 691 1256 temperet,
709 1186 762 1239 illis

116 1264 243 1318 Aeeedas
261 1262 483 1330 socius31audes‚
500 1261 620 1315 lauderis
637 1265 669 1315 ut
686 1261 790 1315 absens.

115 1340 243 1408 Adjuvat
259 1338 311 1392 hoe
327 1353 443 1407 quoque,
461 1337 511 1390 sed
528 1337 612 1389 vineit
629 1336 708 1404 longe
726 1337 801 1406 prius
819 1337 907 1405 ipsum
965 1379 967 1385 .

115 1417 283 1483 Expugnare
300 1418 389 1482 eaput.
424 1413 532 1467 Seribet
549 1413 619 1465 mala
636 1411 755 1466 carmina
772 1428 880 1466 vecors:

116 1489 250 1544 Laudato.
285 1489 425 1543 Seortator
442 1489 509 1543 erit:
527 1504 592 1541 eave
609 1493 638 1541 te
655 1491 748 1555 roget;
765 1488 837 1541 ultro
944 1503 968 1543 re

117 1566 284 1633 Penelopam
302 1564 388 1616 facilis
405 1564 505 1633 potiori
524 1563 625 1617 trade.'⁸
655 1563 818 1619 “Putasnel

117 1641 236 1694 Perduoi
254 1639 356 1709 peterit
374 1644 431 1691 tam
448 1638 520 1705 frugi
539 1642 651 1707 tainque
668 1638 778 1707 pudica,

116 1716 206 1779 Quam
223 1716 354 1784 nequiere
372 1715 446 1783 proci
464 1718 540 1767 reete
558 1713 697 1782 depellere
714 1731 794 1768 eursu
804 1715 828 1768 ‘l’

116 1791 226 1845 “Venit
244 1792 317 1844 enim
334 1807 462 1857 maguum
481 1789 599 1843 donandi
617 1806 698 1857 parea
711 1790 850 1858 juventus,

116 1867 178 1921 Nee
195 1870 303 1920 tantm
322 1866 435 1931 veneris,
453 1868 585 1933 quantum
603 1864 724 1918 studiosa
741 1865 852 1919 erilinae.
943 1882 967 1921 sa

115 1943 163 1995 Sie
179 1941 231 1995 tibi
250 1941 386 2009 Penelope
403 1940 475 2007 frugi
493 1944 544 2007 est,
563 1957 633 2008 quae
651 1940 674 1993 si
692 1940 775 1993 semel
793 1954 846 1993 uuo

116 2018 162 2070 De
179 2033 244 2071 sene
260 2016 379 2084 gustarit
396 2019 489 2069 tecum
506 2016 609 2083 partita
625 2015 759 2083 lucellum,

117 2093 158 2146 Ut
175 2092 251 2146 esuis
268 2108 285 2145 a
301 2092 374 2145 eorio
391 2107 531 2159 nunquam
548 2090 747 2144 absterrebitur
763 2093 852 2144 uncto.

116 2169 165 2221 Me
178 2184 243 2221 sene
255 2167 329 2237 qued
341 2167 430 2219 dicam
442 2168 545 2219 laetum
558 2169 614 2219 est:
631 2182 698 2219 anus
710 2166 832 2235 improba
845 2166 943 2220 Thebis

116 2246 161 2297 Ex
177 2247 343 2297 testamento
361 2242 399 2303 sie
417 2246 459 2295 est
476 2242 562 2295 elata:
581 2242 696 2305 cadaver
942 2257 966 2296 as

115 2321 238 2373 Unetum
255 2318 315 2372 oleo
333 2317 408 2386 largo
425 2318 507 2371 nudis
525 2318 645 2370 liuiiieris
662 2316 726 2371 tulit
741 2316 828 2386 heres,

115 2396 226 2449 Scilicet
243 2393 315 2448 elabi
333 2394 356 2446 si
373 2396 467 2462 posset
484 2397 607 2456 mortua;
625 2393 707 2446 eredo

116 2470 198 2535 Quod
215 2469 328 2523 ninnium
345 2469 485 2522 institerat
502 2468 612 2522 viventi.
647 2468 750 2523 (lautus
768 2468 856 2524 adito:

115 2547 180 2599 Neu
198 2545 271 2600 desis
289 2560 388 2614 operae
403 2560 473 2597 neve
489 2544 684 2598 immoderatus
699 2544 827 2598 abundes,

3 2623 8 2634 ¹
114 2621 262 2675 Difficilem
280 2626 310 2674 et
326 2635 463 2672 morosum
481 2618 601 2672 offendet
618 2619 741 2686 gamilus
758 2620 847 2685 ultr03
939 2636 965 2679 eo

114 2698 142 2751 N
144 2714 179 2751 on
198 2697 280 2750 etiam
299 2696 387 2750 sileas.
421 2694 514 2747 Davus
533 2694 570 2747 sis
587 2695 704 2747 eenricus
721 2699 805 2762 atque

113 2774 179 2828 Stes
196 2774 287 2840 eapite
305 2770 421 2839 obstipo,
438 2769 555 2822 multum
574 2769 668 2821 similis
688 2770 828 2824 metuenti.

113 2848 255 2919 Obsequio
271 2864 412 2914 granum
429 2862 517 2911 mone,
536 2844 559 2897 si
576 2844 710 2898 increbuit
727 2861 800 2911 aura,

113 2927 218 2980 Cautus
235 2924 276 2977 uti
295 2924 369 2977 velet
386 2938 477 2975 earum
495 2923 592 2989 eaput;
610 2920 723 2974 extraho
741 2920 823 2973 turba

112 3000 256 3067 oppositis
273 2998 409 3060 huureris;
427 3013 521 3049 aurem
538 2995 692 3061 substringe
710 2995 823 3061 loquaci.
941 3012 965 3053 as

111 3076 293 3143 Importunas
310 3077 385 3126 ararat
401 3071 522 3134 laudam
538 3069 624 3122 donee
642 3069 701 3121 Ohe
714 3067 791 3135 jain!
