2025 3409
358 98 512 148 HORATII
529 96 659 147 unnccl

190 177 264 235 Satis
281 194 416 246 superque
433 194 477 231 me
494 173 650 245 benignitas
666 180 716 231 tua

224 253 347 307 Ditarit:
365 253 439 307 haud
456 269 588 321 paravero

191 327 270 393 Quod
287 332 335 382 aut
352 345 448 382 111111
466 332 498 381 ut
516 328 647 382 Chremes
666 329 741 379 terra
757 341 912 399 premam,

225 402 378 457 Discinctos
395 405 443 457 aut
460 403 574 472 perdam
592 420 684 471 nepos

171 681 173 685 .
191 628 304 685 Burrus
321 628 367 683 ille
385 629 432 697 qui
448 629 542 698 procul
559 628 682 698 negotiis,

226 706 266 760 Ut
283 704 372 774 prisca
389 722 455 773 gens
472 706 635 773 mortalium,

192 778 310 834 Paterna
326 797 391 833 rura
408 780 495 833 bobus
513 784 622 835 exercet
639 780 703 847 suis,

226 856 336 911 Solutus
353 856 425 909 omui
442 856 544 918 fenore.

192 930 289 1000 Neque
307 932 443 985 excitatur
460 932 570 986 classico
588 932 665 986 miles
681 932 760 999 truci,
952 953 968 993 s

226 1006 322 1075 Neque
339 1006 433 1060 horret
449 1006 551 1061 iratum
568 1024 650 1075 mare,

192 1080 346 1150 Forumque
364 1082 434 1136 vitat
451 1086 481 1136 et
498 1083 616 1152 superba
632 1083 730 1137 civium

226 1156 413 1210 Potentiorum
431 1157 531 1214 limina.

191 1232 264 1299 Ergo
281 1235 330 1285 unt
347 1232 441 1286 adulta
457 1233 554 1287 vitium
571 1234 719 1303 propagine

225 1307 306 1361 Altas
323 1308 434 1362 maritat
449 1309 570 1377 populos,

191 1384 250 1437 Aut
267 1382 296 1435 11
313 1383 427 1437 reducta
444 1383 516 1437 salle
532 1384 711 1452 mugientium

225 1458 386 1527 Prospectat
404 1464 528 1513 errantes
544 1476 649 1527 greges,

190 1533 360 1602 inutilesque
377 1533 446 1587 inice
463 1551 553 1602 ramos
569 1539 713 1603 amputans

224 1608 369 1662 Feliciores
386 1608 490 1677 inserit,

190 1684 250 1739 Aut
267 1699 361 1751 pressa
377 1684 453 1752 puris
471 1684 552 1738 mella
568 1684 661 1739 condit
677 1685 822 1755 amphoris,
935 1707 962 1745 rs

226 1758 286 1812 Aut
302 1759 401 1813 tondet
418 1758 539 1813 infirmas
556 1776 637 1825 oves,

189 1833 242 1887 Vel
259 1849 321 1887 cum
339 1833 465 1887 decomm
483 1834 596 1888 mitibus
612 1837 700 1906 pomis
716 1840 799 1904 caput

225 1910 397 1963 Auctumnus
415 1910 486 1976 agris
504 1910 611 1978 extulit,

189 1985 230 2039 Ut
246 1984 349 2051 gaudet
366 1984 475 2037 insitiva
493 1985 641 2054 decerpens
657 1988 723 2057 pira,

223 2059 337 2114 Certant
325 2064 381 2113 tem
399 2065 428 2113 et
444 2076 525 2113 uvam
542 2078 686 2131 purpurae,
922 2093 955 2129 2„

188 2135 249 2200 Qua
263 2138 424 2188 muneretur
440 2139 476 2202 te,
496 2136 602 2205 Priape,
620 2143 648 2191 et
666 2143 702 2205 te,
719 2144 799 2238 pater

222 2210 338 2278 Silraue,
355 2213 400 2264 111
401 2226 432 2263 or
449 2211 560 2267 finium!

188 2284 295 2339 Libct'
282 2301 377 2353 jacere
393 2286 474 2338 modo
491 2286 543 2340 sub
561 2288 618 2342 1111
619 2306 673 2358 qua
689 2291 758 2359 ilice,

223 2360 332 2414 Modo
323 2378 352 2413 11
370 2360 458 2413 tenaci
475 2363 606 2429 gramine.

188 2436 331 2490 Labuntur
347 2436 410 2489 altis
427 2436 539 2491 interim
555 2438 623 2506 ripis
640 2456 734 2509 aquae,
919 2468 954 2508 25

223 2511 381 2574 Querrmtur
397 2512 425 2564 in
444 2512 518 2565 silvis
535 2530 606 2580 ares,

188 2585 344 2656 Fontesque
361 2586 479 2655 lymphis
497 2588 659 2658 obstrepunt
676 2594 857 2665 manantibus,

222 2661 335 2715 Somnos
354 2661 427 2730 quod
444 2662 543 2717 invitet
559 2664 641 2719 leves.

188 2737 229 2790 At
247 2752 308 2789 cum
325 2737 445 2789 tonantis
463 2753 550 2791 annus
566 2739 697 2795 hibernus
713 2743 733 2796 J
735 2744 793 2797 ovis

223 2811 331 2863 Imbres
347 2812 477 2880 nivesque
494 2820 639 2882 comparat,
916 2846 952 2888 ω

189 2886 248 2938 Aut
265 2884 354 2937 trudit
370 2901 446 2937 sores
463 2886 526 2940 hiuc
544 2895 574 2942 ct
590 2890 653 2943 hinc
670 2893 840 2956 1111111111

224 2959 339 3025 Apros
331 2975 360 3010 11
378 2958 518 3013 obstantes
535 2964 636 3030 plagas,

189 3031 249 3084 Aut
267 3031 333 3083 amit
334 3048 350 3084 e
322 3031 420 3084 tlevi
438 3050 499 3087 rara
516 3038 607 3092 tendit
625 3041 700 3109 retia

224 3103 321 3156 Turdis
338 3104 466 3160 edacibus
484 3108 567 3177 dolos,
