<?xml version="1.0" encoding="UTF-8"?>
<!DOCTYPE html PUBLIC "-//W3C//DTD XHTML 1.0 Transitional//EN"
    "http://www.w3.org/TR/xhtml1/DTD/xhtml1-transitional.dtd">
<html xmlns="http://www.w3.org/1999/xhtml" xml:lang="en" lang="en">
 <head>
  <title>
</title>
<meta http-equiv="Content-Type" content="text/html;charset=utf-8" />
  <meta name='ocr-system' content='tesseract 3.04.00' />
  <meta name='ocr-capabilities' content='ocr_page ocr_carea ocr_par ocr_line ocrx_word'/>
</head>
<body>
  <div class='ocr_page' id='page_1' title='image "./quintihoratiifl02maclgoog_0058.png"; bbox 0 0 2025 3409; ppageno 0'>
   <div class='ocr_carea' id='block_1_1' title="bbox 98 39 128 85">
    <p class='ocr_par' dir='ltr' id='par_1_1' title="bbox 98 39 128 85">
     <span class='ocr_line' id='line_1_1' title="bbox 98 39 128 85; baseline 0.067 -2"><span class='ocrx_word' id='word_1_1' title='bbox 98 39 128 85; x_wconf 76' lang='grc'>44</span> 
     </span>
    </p>
   </div>
   <div class='ocr_carea' id='block_1_2' title="bbox 371 32 675 83">
    <p class='ocr_par' dir='ltr' id='par_1_2' title="bbox 371 32 675 83">
     <span class='ocr_line' id='line_1_2' title="bbox 371 32 675 83; baseline -0.01 0"><span class='ocrx_word' id='word_1_2' title='bbox 371 33 526 83; x_wconf 80' lang='lat' dir='ltr'><strong>HORATII</strong></span> <span class='ocrx_word' id='word_1_3' title='bbox 543 32 675 81; x_wconf 81' lang='lat' dir='ltr'><strong>FLAOOI</strong></span> 
     </span>
    </p>
   </div>
   <div class='ocr_carea' id='block_1_3' title="bbox 237 112 801 1008">
    <p class='ocr_par' dir='ltr' id='par_1_3' title="bbox 237 112 801 1008">
     <span class='ocr_line' id='line_1_3' title="bbox 237 112 745 167; baseline -0.002 0"><span class='ocrx_word' id='word_1_4' title='bbox 237 114 334 167; x_wconf 81' lang='lat' dir='ltr'>Virtus</span> <span class='ocrx_word' id='word_1_5' title='bbox 350 112 496 166; x_wconf 87' lang='lat' dir='ltr'>recludens</span> <span class='ocrx_word' id='word_1_6' title='bbox 512 112 657 166; x_wconf 89' lang='lat' dir='ltr'>immeritis</span> <span class='ocrx_word' id='word_1_7' title='bbox 675 112 745 166; x_wconf 87' lang='lat' dir='ltr'>mori</span> 
     </span>
     <span class='ocr_line' id='line_1_4' title="bbox 237 185 718 255; baseline -0.006 -13"><span class='ocrx_word' id='word_1_8' title='bbox 237 188 351 243; x_wconf 86' lang='lat' dir='ltr'>Caelum</span> <span class='ocrx_word' id='word_1_9' title='bbox 369 190 469 255; x_wconf 83' lang='lat' dir='ltr'>negata</span> <span class='ocrx_word' id='word_1_10' title='bbox 486 189 579 240; x_wconf 87' lang='lat' dir='ltr'>tentat</span> <span class='ocrx_word' id='word_1_11' title='bbox 596 185 651 240; x_wconf 89' lang='lat' dir='ltr'>iter</span> <span class='ocrx_word' id='word_1_12' title='bbox 667 187 718 253; x_wconf 80' lang='lat' dir='ltr'>via,</span> 
     </span>
     <span class='ocr_line' id='line_1_5' title="bbox 272 260 719 330; baseline -0.004 -14"><span class='ocrx_word' id='word_1_13' title='bbox 272 263 428 330; x_wconf 85' lang='lat' dir='ltr'>Coetusque</span> <span class='ocrx_word' id='word_1_14' title='bbox 445 261 572 328; x_wconf 79' lang='lat' dir='ltr'>vulgares</span> <span class='ocrx_word' id='word_1_15' title='bbox 589 265 618 316; x_wconf 90' lang='lat' dir='ltr'>et</span> <span class='ocrx_word' id='word_1_16' title='bbox 635 260 719 314; x_wconf 88' lang='lat' dir='ltr'>udam</span> 
     </span>
     <span class='ocr_line' id='line_1_6' title="bbox 305 336 801 406; baseline 0.002 -15"><span class='ocrx_word' id='word_1_17' title='bbox 305 338 417 406; x_wconf 84' lang='lat' dir='ltr'>Spernit</span> <span class='ocrx_word' id='word_1_18' title='bbox 433 336 547 390; x_wconf 88' lang='lat' dir='ltr'>humum</span> <span class='ocrx_word' id='word_1_19' title='bbox 565 336 687 404; x_wconf 79' lang='lat' dir='ltr'><strong>fugiente</strong></span> <span class='ocrx_word' id='word_1_20' title='bbox 704 352 801 406; x_wconf 83' lang='lat' dir='ltr'>penna</span> 
     </span>
     <span class='ocr_line' id='line_1_7' title="bbox 239 412 633 467; baseline -0.005 0"><span class='ocrx_word' id='word_1_21' title='bbox 239 413 290 467; x_wconf 80' lang='lat' dir='ltr'>Est</span> <span class='ocrx_word' id='word_1_22' title='bbox 307 417 337 467; x_wconf 90' lang='lat' dir='ltr'>et</span> <span class='ocrx_word' id='word_1_23' title='bbox 354 412 429 467; x_wconf 90' lang='lat' dir='ltr'>fideli</span> <span class='ocrx_word' id='word_1_24' title='bbox 446 416 509 466; x_wconf 85' lang='lat' dir='ltr'>tnta</span> <span class='ocrx_word' id='word_1_25' title='bbox 526 412 633 465; x_wconf 88' lang='lat' dir='ltr'>silentio</span> 
     </span>
     <span class='ocr_line' id='line_1_8' title="bbox 238 487 791 556; baseline 0 -13"><span class='ocrx_word' id='word_1_26' title='bbox 238 488 356 543; x_wconf 79' lang='lat' dir='ltr'>Merces:</span> <span class='ocrx_word' id='word_1_27' title='bbox 375 487 473 541; x_wconf 79' lang='lat' dir='ltr'>vetabo</span> <span class='ocrx_word' id='word_1_28' title='bbox 491 487 539 556; x_wconf 89' lang='lat' dir='ltr'>qni</span> <span class='ocrx_word' id='word_1_29' title='bbox 557 487 666 541; x_wconf 84' lang='lat' dir='ltr'>Cereris</span> <span class='ocrx_word' id='word_1_30' title='bbox 683 503 791 543; x_wconf 88' lang='lat' dir='ltr'>sacrum</span> 
     </span>
     <span class='ocr_line' id='line_1_9' title="bbox 272 562 707 631; baseline -0.005 -14"><span class='ocrx_word' id='word_1_31' title='bbox 272 562 400 631; x_wconf 84' lang='lat' dir='ltr'>Vulgarit</span> <span class='ocrx_word' id='word_1_32' title='bbox 417 578 532 616; x_wconf 84' lang='lat' dir='ltr'>arcanae</span> <span class='ocrx_word' id='word_1_33' title='bbox 550 562 601 616; x_wconf 91' lang='lat' dir='ltr'>sub</span> <span class='ocrx_word' id='word_1_34' title='bbox 619 562 707 617; x_wconf 88' lang='lat' dir='ltr'>isdem</span> 
     </span>
     <span class='ocr_line' id='line_1_10' title="bbox 306 636 790 705; baseline 0.002 -13"><span class='ocrx_word' id='word_1_35' title='bbox 306 638 349 693; x_wconf 80' lang='lat' dir='ltr'>Sit</span> <span class='ocrx_word' id='word_1_36' title='bbox 368 637 492 692; x_wconf 79' lang='lat' dir='ltr'>trabibus</span> <span class='ocrx_word' id='word_1_37' title='bbox 509 636 666 705; x_wconf 80' lang='lat' dir='ltr'>fragilemve</span> <span class='ocrx_word' id='word_1_38' title='bbox 684 654 790 693; x_wconf 91' lang='lat' dir='ltr'>mecum</span> 
     </span>
     <span class='ocr_line' id='line_1_11' title="bbox 239 712 750 781; baseline -0.004 -13"><span class='ocrx_word' id='word_1_39' title='bbox 239 713 331 768; x_wconf 81' lang='lat' dir='ltr'>Solvet</span> <span class='ocrx_word' id='word_1_40' title='bbox 347 712 492 781; x_wconf 90' lang='lat' dir='ltr'>phaselon;</span> <span class='ocrx_word' id='word_1_41' title='bbox 510 728 592 781; x_wconf 84' lang='lat' dir='ltr'>saepe</span> <span class='ocrx_word' id='word_1_42' title='bbox 610 713 750 781; x_wconf 84' lang='lat' dir='ltr'>Diespiter</span> 
     </span>
     <span class='ocr_line' id='line_1_12' title="bbox 238 787 792 857; baseline -0.004 -14"><span class='ocrx_word' id='word_1_43' title='bbox 238 789 265 843; x_wconf 89' lang='lat' dir='ltr'>N</span> <span class='ocrx_word' id='word_1_44' title='bbox 267 789 387 857; x_wconf 85' lang='lat' dir='ltr'>eglectus</span> <span class='ocrx_word' id='word_1_45' title='bbox 403 788 506 842; x_wconf 89' lang='lat' dir='ltr'>incesto</span> <span class='ocrx_word' id='word_1_46' title='bbox 523 787 632 841; x_wconf 85' lang='lat' dir='ltr'>addidit</span> <span class='ocrx_word' id='word_1_47' title='bbox 649 788 792 855; x_wconf 82' lang='lat' dir='ltr'>integrum</span> 
     </span>
     <span class='ocr_line' id='line_1_13' title="bbox 272 863 735 917; baseline 0 0"><span class='ocrx_word' id='word_1_48' title='bbox 272 864 347 917; x_wconf 85' lang='lat' dir='ltr'>ltaro</span> <span class='ocrx_word' id='word_1_49' title='bbox 364 863 573 917; x_wconf 84' lang='lat' dir='ltr'>antecedentem</span> <span class='ocrx_word' id='word_1_50' title='bbox 591 863 735 917; x_wconf 88' lang='lat' dir='ltr'>scelestum</span> 
     </span>
     <span class='ocr_line' id='line_1_14' title="bbox 307 937 755 1008; baseline 0 -15"><span class='ocrx_word' id='word_1_51' title='bbox 307 938 435 993; x_wconf 85' lang='lat' dir='ltr'>Deseruit</span> <span class='ocrx_word' id='word_1_52' title='bbox 452 938 524 1008; x_wconf 91' lang='lat' dir='ltr'>pede</span> <span class='ocrx_word' id='word_1_53' title='bbox 542 938 634 991; x_wconf 85' lang='lat' dir='ltr'>Poena</span> <span class='ocrx_word' id='word_1_54' title='bbox 650 937 755 993; x_wconf 85' lang='lat' dir='ltr'>claudo.</span> 
     </span>
    </p>
   </div>
   <div class='ocr_carea' id='block_1_4' title="bbox 495 1078 554 1133">
    <p class='ocr_par' dir='ltr' id='par_1_4' title="bbox 495 1078 554 1133">
     <span class='ocr_line' id='line_1_15' title="bbox 495 1078 554 1133; baseline 0 0"><span class='ocrx_word' id='word_1_55' title='bbox 495 1078 554 1133; x_wconf 90' lang='lat'>111.</span> 
     </span>
    </p>
   </div>
   <div class='ocr_carea' id='block_1_5' title="bbox 236 1160 872 2957">
    <p class='ocr_par' dir='ltr' id='par_1_5' title="bbox 236 1160 872 2957">
     <span class='ocr_line' id='line_1_16' title="bbox 238 1160 793 1229; baseline -0.004 -12"><span class='ocrx_word' id='word_1_56' title='bbox 238 1163 350 1218; x_wconf 77' lang='lat' dir='ltr'>Jusnuu</span> <span class='ocrx_word' id='word_1_57' title='bbox 368 1165 397 1215; x_wconf 89' lang='lat' dir='ltr'>et</span> <span class='ocrx_word' id='word_1_58' title='bbox 413 1164 538 1217; x_wconf 75' lang='lat' dir='ltr'>tenacem</span> <span class='ocrx_word' id='word_1_59' title='bbox 556 1160 688 1229; x_wconf 83' lang='lat' dir='ltr'>propositi</span> <span class='ocrx_word' id='word_1_60' title='bbox 704 1161 793 1215; x_wconf 82' lang='lat' dir='ltr'>virum</span> 
     </span>
     <span class='ocr_line' id='line_1_17' title="bbox 239 1236 797 1305; baseline -0.007 -12"><span class='ocrx_word' id='word_1_61' title='bbox 239 1239 264 1293; x_wconf 86' lang='lat' dir='ltr'>N</span> <span class='ocrx_word' id='word_1_62' title='bbox 267 1255 301 1291; x_wconf 92' lang='lat' dir='ltr'>on</span> <span class='ocrx_word' id='word_1_63' title='bbox 319 1238 417 1292; x_wconf 84' lang='lat' dir='ltr'>civium</span> <span class='ocrx_word' id='word_1_64' title='bbox 435 1237 518 1290; x_wconf 87' lang='lat' dir='ltr'>ardor</span> <span class='ocrx_word' id='word_1_65' title='bbox 534 1252 619 1305; x_wconf 85' lang='lat' dir='ltr'>prava</span> <span class='ocrx_word' id='word_1_66' title='bbox 632 1236 797 1304; x_wconf 85' lang='lat' dir='ltr'>jubentium,</span> 
     </span>
     <span class='ocr_line' id='line_1_18' title="bbox 271 1312 710 1379; baseline -0.005 -13"><span class='ocrx_word' id='word_1_67' title='bbox 271 1313 335 1367; x_wconf 84' lang='lat' dir='ltr'>Non</span> <span class='ocrx_word' id='word_1_68' title='bbox 352 1312 442 1366; x_wconf 85' lang='lat' dir='ltr'>vultus</span> <span class='ocrx_word' id='word_1_69' title='bbox 459 1312 585 1365; x_wconf 84' lang='lat' dir='ltr'>instantis</span> <span class='ocrx_word' id='word_1_70' title='bbox 602 1312 710 1379; x_wconf 86' lang='lat' dir='ltr'>tyranni</span> 
     </span>
     <span class='ocr_line' id='line_1_19' title="bbox 308 1386 872 1456; baseline -0.005 -15"><span class='ocrx_word' id='word_1_71' title='bbox 308 1388 402 1441; x_wconf 90' lang='lat' dir='ltr'>Mente</span> <span class='ocrx_word' id='word_1_72' title='bbox 419 1387 510 1455; x_wconf 86' lang='lat' dir='ltr'>quatit</span> <span class='ocrx_word' id='word_1_73' title='bbox 527 1386 620 1453; x_wconf 74' lang='lat' dir='ltr'>solida,</span> <span class='ocrx_word' id='word_1_74' title='bbox 637 1403 726 1456; x_wconf 89' lang='lat' dir='ltr'>neque</span> <span class='ocrx_word' id='word_1_75' title='bbox 744 1387 849 1441; x_wconf 81' lang='lat' dir='ltr'>Auster</span> <span class='ocrx_word' id='word_1_76' title='bbox 869 1445 872 1448; x_wconf 54' lang='grc'>,</span> 
     </span>
     <span class='ocr_line' id='line_1_20' title="bbox 238 1461 726 1530; baseline 0 -15"><span class='ocrx_word' id='word_1_77' title='bbox 238 1461 302 1515; x_wconf 85' lang='lat' dir='ltr'>Dux</span> <span class='ocrx_word' id='word_1_78' title='bbox 320 1462 433 1530; x_wconf 89' lang='lat' dir='ltr'>inquieti</span> <span class='ocrx_word' id='word_1_79' title='bbox 452 1461 578 1515; x_wconf 90' lang='lat' dir='ltr'>turbidus</span> <span class='ocrx_word' id='word_1_80' title='bbox 597 1462 726 1530; x_wconf 82' lang='lat' dir='ltr'>Hadriae,</span> 
     </span>
     <span class='ocr_line' id='line_1_21' title="bbox 238 1536 820 1605; baseline 0 -15"><span class='ocrx_word' id='word_1_81' title='bbox 238 1536 266 1590; x_wconf 83' lang='lat' dir='ltr'>N</span> <span class='ocrx_word' id='word_1_82' title='bbox 268 1552 299 1589; x_wconf 90' lang='lat' dir='ltr'>ec</span> <span class='ocrx_word' id='word_1_83' title='bbox 315 1537 482 1590; x_wconf 87' lang='lat' dir='ltr'>fulminantis</span> <span class='ocrx_word' id='word_1_84' title='bbox 499 1553 598 1605; x_wconf 87' lang='lat' dir='ltr'>magna</span> <span class='ocrx_word' id='word_1_85' title='bbox 614 1553 710 1590; x_wconf 88' lang='lat' dir='ltr'>manus</span> <span class='ocrx_word' id='word_1_86' title='bbox 727 1537 820 1604; x_wconf 78' lang='lat' dir='ltr'>Jovis3</span> 
     </span>
     <span class='ocr_line' id='line_1_22' title="bbox 273 1611 659 1667; baseline -0.005 0"><span class='ocrx_word' id='word_1_87' title='bbox 273 1611 303 1667; x_wconf 75' lang='lat' dir='ltr'>Si</span> <span class='ocrx_word' id='word_1_88' title='bbox 320 1612 422 1667; x_wconf 82' lang='lat' dir='ltr'>fractus</span> <span class='ocrx_word' id='word_1_89' title='bbox 439 1612 568 1666; x_wconf 88' lang='lat' dir='ltr'>illabatur</span> <span class='ocrx_word' id='word_1_90' title='bbox 584 1612 659 1666; x_wconf 88' lang='lat' dir='ltr'>orbis</span> 
     </span>
     <span class='ocr_line' id='line_1_23' title="bbox 308 1687 714 1756; baseline 0.002 -15"><span class='ocrx_word' id='word_1_91' title='bbox 308 1687 479 1756; x_wconf 84' lang='lat' dir='ltr'>lmparidum</span> <span class='ocrx_word' id='word_1_92' title='bbox 496 1688 595 1742; x_wconf 84' lang='lat' dir='ltr'>ferient</span> <span class='ocrx_word' id='word_1_93' title='bbox 612 1689 714 1742; x_wconf 89' lang='lat' dir='ltr'>ruinae.</span> 
     </span>
     <span class='ocr_line' id='line_1_24' title="bbox 239 1762 792 1831; baseline 0.002 -14"><span class='ocrx_word' id='word_1_94' title='bbox 239 1762 301 1817; x_wconf 90' lang='lat' dir='ltr'>Hac</span> <span class='ocrx_word' id='word_1_95' title='bbox 317 1767 378 1817; x_wconf 88' lang='lat' dir='ltr'>arte</span> <span class='ocrx_word' id='word_1_96' title='bbox 395 1763 492 1817; x_wconf 86' lang='lat' dir='ltr'>Pollux</span> <span class='ocrx_word' id='word_1_97' title='bbox 509 1768 539 1818; x_wconf 90' lang='lat' dir='ltr'>et</span> <span class='ocrx_word' id='word_1_98' title='bbox 555 1780 639 1831; x_wconf 80' lang='lat' dir='ltr'>vagus</span> <span class='ocrx_word' id='word_1_99' title='bbox 657 1763 792 1818; x_wconf 84' lang='lat' dir='ltr'>Hercules</span> 
     </span>
     <span class='ocr_line' id='line_1_25' title="bbox 239 1838 660 1907; baseline -0.005 -14"><span class='ocrx_word' id='word_1_100' title='bbox 239 1838 339 1893; x_wconf 80' lang='lat' dir='ltr'>Enisus</span> <span class='ocrx_word' id='word_1_101' title='bbox 356 1855 432 1893; x_wconf 88' lang='lat' dir='ltr'>arces</span> <span class='ocrx_word' id='word_1_102' title='bbox 449 1838 543 1907; x_wconf 83' lang='lat' dir='ltr'>attigit</span> <span class='ocrx_word' id='word_1_103' title='bbox 559 1839 660 1907; x_wconf 82' lang='lat' dir='ltr'>igneas,</span> 
     </span>
     <span class='ocr_line' id='line_1_26' title="bbox 273 1914 835 1981; baseline 0.004 -14"><span class='ocrx_word' id='word_1_104' title='bbox 273 1914 347 1979; x_wconf 81' lang='lat' dir='ltr'>Quos</span> <span class='ocrx_word' id='word_1_105' title='bbox 364 1915 437 1969; x_wconf 90' lang='lat' dir='ltr'>inter</span> <span class='ocrx_word' id='word_1_106' title='bbox 454 1915 597 1981; x_wconf 81' lang='lat' dir='ltr'>Augustus</span> <span class='ocrx_word' id='word_1_107' title='bbox 614 1914 775 1969; x_wconf 85' lang='lat' dir='ltr'>recumbens</span> <span class='ocrx_word' id='word_1_108' title='bbox 832 1975 835 1979; x_wconf 56' lang='grc'><strong>,</strong></span> 
     </span>
     <span class='ocr_line' id='line_1_27' title="bbox 307 1989 718 2058; baseline -0.002 -14"><span class='ocrx_word' id='word_1_109' title='bbox 307 1990 447 2058; x_wconf 87' lang='lat' dir='ltr'>Pmpureo</span> <span class='ocrx_word' id='word_1_110' title='bbox 465 1989 536 2043; x_wconf 88' lang='lat' dir='ltr'>bibit</span> <span class='ocrx_word' id='word_1_111' title='bbox 553 2006 599 2043; x_wconf 90' lang='lat' dir='ltr'>ore</span> <span class='ocrx_word' id='word_1_112' title='bbox 617 1994 718 2044; x_wconf 90' lang='lat' dir='ltr'>nectar.</span> 
     </span>
     <span class='ocr_line' id='line_1_28' title="bbox 238 2064 836 2135; baseline 0.005 -17"><span class='ocrx_word' id='word_1_113' title='bbox 238 2064 300 2119; x_wconf 87' lang='lat' dir='ltr'>Hac</span> <span class='ocrx_word' id='word_1_114' title='bbox 317 2074 347 2120; x_wconf 90' lang='lat' dir='ltr'>te</span> <span class='ocrx_word' id='word_1_115' title='bbox 364 2070 522 2133; x_wconf 83' lang='lat' dir='ltr'>merentem,</span> <span class='ocrx_word' id='word_1_116' title='bbox 541 2065 647 2119; x_wconf 88' lang='lat' dir='ltr'>Bacche</span> <span class='ocrx_word' id='word_1_117' title='bbox 665 2070 753 2135; x_wconf 88' lang='lat' dir='ltr'>pater,</span> <span class='ocrx_word' id='word_1_118' title='bbox 770 2070 836 2121; x_wconf 90' lang='lat' dir='ltr'>tuae</span> 
     </span>
     <span class='ocr_line' id='line_1_29' title="bbox 238 2140 692 2209; baseline 0.004 -16"><span class='ocrx_word' id='word_1_119' title='bbox 238 2140 348 2195; x_wconf 86' lang='lat' dir='ltr'>Vexere</span> <span class='ocrx_word' id='word_1_120' title='bbox 366 2142 453 2209; x_wconf 86' lang='lat' dir='ltr'>tigres</span> <span class='ocrx_word' id='word_1_121' title='bbox 469 2140 579 2195; x_wconf 89' lang='lat' dir='ltr'>indocili</span> <span class='ocrx_word' id='word_1_122' title='bbox 593 2140 692 2208; x_wconf 80' lang='lat' dir='ltr'>jugum</span> 
     </span>
     <span class='ocr_line' id='line_1_30' title="bbox 271 2215 734 2282; baseline -0.002 -12"><span class='ocrx_word' id='word_1_123' title='bbox 271 2216 348 2270; x_wconf 89' lang='lat' dir='ltr'>Collo</span> <span class='ocrx_word' id='word_1_124' title='bbox 364 2217 520 2282; x_wconf 80' lang='lat' dir='ltr'>trahentes3</span> <span class='ocrx_word' id='word_1_125' title='bbox 536 2215 588 2269; x_wconf 88' lang='lat' dir='ltr'>hac</span> <span class='ocrx_word' id='word_1_126' title='bbox 606 2215 734 2279; x_wconf 80' lang='lat' dir='ltr'>Quirinus</span> 
     </span>
     <span class='ocr_line' id='line_1_31' title="bbox 305 2291 771 2361; baseline 0 -16"><span class='ocrx_word' id='word_1_127' title='bbox 305 2292 404 2346; x_wconf 88' lang='lat' dir='ltr'>Martis</span> <span class='ocrx_word' id='word_1_128' title='bbox 422 2292 499 2361; x_wconf 87' lang='lat' dir='ltr'>equis</span> <span class='ocrx_word' id='word_1_129' title='bbox 518 2291 676 2345; x_wconf 85' lang='lat' dir='ltr'>Acheronta</span> <span class='ocrx_word' id='word_1_130' title='bbox 693 2291 771 2361; x_wconf 81' lang='lat' dir='ltr'>fugit,</span> 
     </span>
     <span class='ocr_line' id='line_1_32' title="bbox 238 2366 699 2421; baseline -0.002 0"><span class='ocrx_word' id='word_1_131' title='bbox 238 2366 354 2421; x_wconf 85' lang='lat' dir='ltr'>Gratum</span> <span class='ocrx_word' id='word_1_132' title='bbox 371 2368 478 2421; x_wconf 88' lang='lat' dir='ltr'>elocuta</span> <span class='ocrx_word' id='word_1_133' title='bbox 494 2366 699 2420; x_wconf 84' lang='lat' dir='ltr'>consiliantibus</span> 
     </span>
     <span class='ocr_line' id='line_1_33' title="bbox 236 2442 639 2509; baseline 0 -14"><span class='ocrx_word' id='word_1_134' title='bbox 236 2442 347 2497; x_wconf 79' lang='lat' dir='ltr'>dunone</span> <span class='ocrx_word' id='word_1_135' title='bbox 367 2443 450 2499; x_wconf 80' lang='lat' dir='ltr'>divis:</span> <span class='ocrx_word' id='word_1_136' title='bbox 470 2443 549 2509; x_wconf 90' lang='lat' dir='ltr'>Ilion,</span> <span class='ocrx_word' id='word_1_137' title='bbox 569 2442 639 2495; x_wconf 92' lang='lat' dir='ltr'>Ilion</span> 
     </span>
     <span class='ocr_line' id='line_1_34' title="bbox 269 2516 673 2587; baseline -0.002 -16"><span class='ocrx_word' id='word_1_138' title='bbox 269 2518 374 2571; x_wconf 82' lang='lat' dir='ltr'>Fatalis</span> <span class='ocrx_word' id='word_1_139' title='bbox 391 2518 568 2587; x_wconf 88' lang='lat' dir='ltr'>incestusque</span> <span class='ocrx_word' id='word_1_140' title='bbox 581 2516 673 2584; x_wconf 88' lang='lat' dir='ltr'>judex</span> 
     </span>
     <span class='ocr_line' id='line_1_35' title="bbox 303 2592 717 2661; baseline 0.002 -16"><span class='ocrx_word' id='word_1_141' title='bbox 303 2594 341 2646; x_wconf 85' lang='lat' dir='ltr'>Et</span> <span class='ocrx_word' id='word_1_142' title='bbox 357 2594 455 2647; x_wconf 87' lang='lat' dir='ltr'>mulier</span> <span class='ocrx_word' id='word_1_143' title='bbox 471 2592 616 2661; x_wconf 73' lang='lat' dir='ltr'>peregrina</span> <span class='ocrx_word' id='word_1_144' title='bbox 633 2593 717 2646; x_wconf 81' lang='lat' dir='ltr'>vertit</span> 
     </span>
     <span class='ocr_line' id='line_1_36' title="bbox 236 2666 788 2737; baseline 0 -16"><span class='ocrx_word' id='word_1_145' title='bbox 236 2666 270 2721; x_wconf 93' lang='lat' dir='ltr'>In</span> <span class='ocrx_word' id='word_1_146' title='bbox 288 2668 434 2737; x_wconf 87' lang='lat' dir='ltr'>pulverem,</span> <span class='ocrx_word' id='word_1_147' title='bbox 452 2684 487 2723; x_wconf 81' lang='lat' dir='ltr'>ex</span> <span class='ocrx_word' id='word_1_148' title='bbox 505 2684 559 2737; x_wconf 89' lang='lat' dir='ltr'>quo</span> <span class='ocrx_word' id='word_1_149' title='bbox 577 2668 704 2721; x_wconf 83' lang='lat' dir='ltr'>destitmt</span> <span class='ocrx_word' id='word_1_150' title='bbox 722 2666 788 2721; x_wconf 87' lang='lat' dir='ltr'>deos</span> 
     </span>
     <span class='ocr_line' id='line_1_37' title="bbox 238 2742 733 2813; baseline -0.004 -17"><span class='ocrx_word' id='word_1_151' title='bbox 238 2742 368 2797; x_wconf 87' lang='lat' dir='ltr'>Mercede</span> <span class='ocrx_word' id='word_1_152' title='bbox 385 2748 466 2813; x_wconf 88' lang='lat' dir='ltr'>pacta</span> <span class='ocrx_word' id='word_1_153' title='bbox 484 2742 648 2809; x_wconf 84' lang='lat' dir='ltr'>Laomedon,</span> <span class='ocrx_word' id='word_1_154' title='bbox 666 2742 733 2795; x_wconf 87' lang='lat' dir='ltr'>mihi</span> 
     </span>
     <span class='ocr_line' id='line_1_38' title="bbox 267 2817 762 2885; baseline 0 -16"><span class='ocrx_word' id='word_1_155' title='bbox 267 2818 421 2885; x_wconf 81' lang='lat' dir='ltr'>Castaeque</span> <span class='ocrx_word' id='word_1_156' title='bbox 439 2818 599 2871; x_wconf 88' lang='lat' dir='ltr'>damnatum</span> <span class='ocrx_word' id='word_1_157' title='bbox 617 2817 762 2870; x_wconf 74' lang='lat' dir='ltr'>Minervae</span> 
     </span>
     <span class='ocr_line' id='line_1_39' title="bbox 306 2889 824 2957; baseline 0.008 -15"><span class='ocrx_word' id='word_1_158' title='bbox 306 2891 375 2942; x_wconf 83' lang='lat' dir='ltr'>Cum</span> <span class='ocrx_word' id='word_1_159' title='bbox 392 2889 491 2957; x_wconf 92' lang='lat' dir='ltr'>populo</span> <span class='ocrx_word' id='word_1_160' title='bbox 509 2895 539 2943; x_wconf 89' lang='lat' dir='ltr'>et</span> <span class='ocrx_word' id='word_1_161' title='bbox 557 2891 627 2943; x_wconf 85' lang='lat' dir='ltr'>duce</span> <span class='ocrx_word' id='word_1_162' title='bbox 644 2890 824 2946; x_wconf 84' lang='lat' dir='ltr'>fraudulento.</span> 
     </span>
    </p>
   </div>
   <div class='ocr_carea' id='block_1_6' title="bbox 925 803 945 841">
    <p class='ocr_par' dir='ltr' id='par_1_6' title="bbox 925 803 945 841">
     <span class='ocr_line' id='line_1_40' title="bbox 925 803 945 841; baseline 0 0"><span class='ocrx_word' id='word_1_163' title='bbox 925 803 945 841; x_wconf 72' lang='lat'>8⁰</span> 
     </span>
    </p>
   </div>
   <div class='ocr_carea' id='block_1_7' title="bbox 236 2961 988 3030">
    <p class='ocr_par' dir='ltr' id='par_1_7' title="bbox 236 2961 988 3030">
     <span class='ocr_line' id='line_1_41' title="bbox 236 2961 988 3030; baseline 0.003 -17"><span class='ocrx_word' id='word_1_164' title='bbox 236 2961 301 3013; x_wconf 77' lang='lat' dir='ltr'>dam</span> <span class='ocrx_word' id='word_1_165' title='bbox 318 2978 370 3013; x_wconf 89' lang='lat' dir='ltr'>nec</span> <span class='ocrx_word' id='word_1_166' title='bbox 388 2964 528 3015; x_wconf 79' lang='lat' dir='ltr'>lacaenae</span> <span class='ocrx_word' id='word_1_167' title='bbox 547 2963 673 3029; x_wconf 89' lang='lat' dir='ltr'>splendet</span> <span class='ocrx_word' id='word_1_168' title='bbox 690 2964 834 3021; x_wconf 87' lang='lat' dir='ltr'>adulterae</span> <span class='ocrx_word' id='word_1_169' title='bbox 917 2974 937 3015; x_wconf 71' lang='lat' dir='ltr'>fl</span> <span class='ocrx_word' id='word_1_170' title='bbox 986 2975 988 3030; x_wconf 72' lang='grc' dir='ltr'><em>ζ</em></span> 
     </span>
    </p>
   </div>
   <div class='ocr_carea' id='block_1_8' title="bbox 237 3034 792 3100">
    <p class='ocr_par' dir='ltr' id='par_1_8' title="bbox 237 3034 792 3100">
     <span class='ocr_line' id='line_1_42' title="bbox 237 3034 792 3100; baseline 0.011 -13"><span class='ocrx_word' id='word_1_171' title='bbox 237 3034 368 3087; x_wconf 76' lang='lat' dir='ltr'>b&#39;anrosus</span> <span class='ocrx_word' id='word_1_172' title='bbox 385 3035 489 3100; x_wconf 86' lang='lat' dir='ltr'>hospes,</span> <span class='ocrx_word' id='word_1_173' title='bbox 507 3052 557 3088; x_wconf 89' lang='lat' dir='ltr'>nec</span> <span class='ocrx_word' id='word_1_174' title='bbox 576 3037 677 3087; x_wconf 84' lang='lat' dir='ltr'>Priami</span> <span class='ocrx_word' id='word_1_175' title='bbox 694 3038 792 3093; x_wconf 86' lang='lat' dir='ltr'>domus</span> 
     </span>
    </p>
   </div>
   <div class='ocr_carea' id='block_1_9' title="bbox 0 0 1019 3409">
    <p class='ocr_par' dir='ltr' id='par_1_9' title="bbox 0 0 1019 3409">
     <span class='ocr_line' id='line_1_43' title="bbox 0 0 1019 3409; baseline 0 0"><span class='ocrx_word' id='word_1_176' title='bbox 0 0 1019 3409; x_wconf 95' lang='lat' dir='ltr'> </span> 
     </span>
    </p>
   </div>
  </div>
 </body>
</html>
