2025 3409
80 22 126 70 ltb
357 22 512 70 HORATII
529 22 658 71 nusum

78 100 134 155 llio
145 104 189 156 est
198 104 248 156 aut
259 117 393 171 nusquam
405 102 480 171 quod
489 102 653 172 quaerimus
675 100 730 157 Hic
741 116 809 156 onus
820 99 927 167 horret,

77 175 119 231 Ut
135 176 226 245 parvis
244 177 341 230 animis
359 181 389 231 et
405 191 490 247 perro
507 193 620 247 corpore
637 176 741 245 majus:
902 193 928 233 so

79 251 134 306 Hie
150 251 225 305 subit
242 255 272 306 et
288 252 400 321 perfert.
436 254 496 309 Aut
513 254 601 307 virtus
618 268 716 306 nomen
734 252 814 306 inane
832 256 883 320 est,

79 327 139 379 Aut
156 327 239 381 decus
256 330 286 381 et
302 329 422 397 pretium
439 332 515 382 route
533 329 606 396 petit
623 327 768 396 experiens
785 329 833 383 vir.

78 400 176 455 (loram
194 418 259 470 roge
277 419 325 456 suo
343 404 379 457 de
395 406 559 471 paupertate
575 406 700 458 tacentes

79 476 145 532 Plus
161 482 290 546 poscente
307 478 412 543 ferent;
432 478 519 532 distat
537 494 663 532 sumasne
680 478 819 547 pudenter

79 554 124 608 An
142 552 239 621 rapias
275 552 363 622 Atqui
379 570 472 607 rernm
490 557 572 621 eaput
589 553 639 607 hoo
656 558 723 622 erat,
741 554 786 609 hio
802 554 870 608 iona
902 570 929 610 ss

79 627 232 682 “Indotata
249 627 317 681 mibi
334 644 411 682 soror
428 632 479 696 est,
496 628 664 697 paupercula
681 633 778 698 mater,

79 702 234 759 urrunnu
252 720 302 757 neo
318 702 463 757 vendibilis
480 719 531 758 noe
547 720 659 773 pascere
678 705 794 774 firmus,”

79 779 132 845 Qui
149 779 225 846 uicit,
244 779 349 845 clamat,
370 778 502 833 “Victum
519 779 608 835 date.”
643 780 764 835 Sueoinit
781 782 865 837 alter:

79 855 138 909 “Iit
156 855 223 909 mihi
241 854 355 908 dividuo
371 854 492 908 findetur
509 871 621 910 munere
639 855 765 923 quadra'’

78 929 134 985 Sed
151 931 251 985 tacitus
267 930 343 1000 pasci
360 930 384 983 si
401 934 494 999 posset
511 946 608 985 corvus
625 931 742 987 haberet
901 947 928 989 ω

78 1004 144 1060 Plus
161 1006 240 1077 dapis
257 1010 287 1061 et
303 1007 379 1059 rixae
396 1004 484 1059 multo
501 1006 591 1060 minus
608 1006 788 1076 invidiaeque

78 1081 254 1135 Brundisium
271 1097 361 1135 eomes
377 1084 426 1135 aut
443 1081 605 1135 Surrentum
624 1081 723 1137 duetus
740 1099 890 1150 amoenum,

79 1157 131 1221 Qui
149 1157 275 1225 queritur
293 1156 412 1211 salebras
430 1159 459 1210 et
477 1156 606 1211 acerbum
623 1156 710 1226 frigus
728 1162 758 1212 et
774 1157 883 1225 imbros,

79 1235 138 1286 Aut
156 1232 252 1287 cistam
270 1231 409 1286 effractam
426 1235 458 1285 et
474 1230 612 1285 subducta
631 1232 730 1287 viatica
747 1234 843 1303 plorat,

78 1306 153 1362 Nota
168 1308 256 1362 refert
271 1307 423 1361 meretricis
440 1307 572 1375 acumina,
591 1323 672 1375 saepe
691 1309 822 1373 catellam,
900 1324 924 1363 as

78 1384 166 1452 Saepe
182 1382 372 1451 perisoelidem
390 1386 497 1452 raptam
516 1382 569 1436 sibi
587 1382 685 1452 flentis,
702 1384 744 1438 uti
762 1400 824 1438 mox

77 1457 162 1512 Nulla
178 1458 248 1512 fides
265 1456 372 1512 damnis
389 1458 517 1527 verisque
535 1458 675 1513 doloribus
691 1459 772 1515 adsit.
795 1482 799 1492 ¹

77 1534 104 1588 N
106 1550 138 1587 eo
158 1534 241 1587 semel
259 1534 355 1587 irrisus
372 1534 462 1588 triviis
479 1534 606 1588 attollere
624 1538 702 1589 curat

79 1610 177 1664 Fraoto
194 1624 273 1663 orure
290 1608 410 1678 planum,
426 1610 491 1664 lieet
507 1609 549 1663 illi
565 1610 683 1680 plurima
700 1612 792 1666 manet

79 1685 211 1752 Lacrima,
227 1700 279 1753 per
296 1686 421 1738 sanetum
434 1684 545 1753 juratus
562 1684 636 1739 dieat
656 1685 770 1740 Osirim:
904 1708 928 1745 m

78 1760 215 1815 “Credite
231 1777 285 1814 non
302 1759 382 1825 ludo;
399 1760 530 1826 crudeles,
549 1759 638 1813 tollite
655 1758 803 1814 claudum?

78 1835 209 1902 “Quaere
225 1835 423 1906 peregrinum?
440 1835 538 1889 vicinia
555 1851 637 1889 rauca
654 1835 792 1891 reclamet.

448 1975 561 2031 XVIIL

78 2061 111 2116 Sr
127 2062 197 2119 bene
214 2065 245 2116 te
262 2060 324 2116 nori
341 2063 455 2126 metues,
473 2058 612 2113 liberrime
630 2057 706 2123 Lolli,

79 2137 234 2191 Soumantis
251 2136 369 2206 speeiem
386 2134 520 2203 praebere
537 2134 677 2203 professus
693 2132 818 2187 amioum.

78 2213 120 2267 Ut
136 2217 260 2267 matrona
276 2211 415 2265 meretrici
432 2210 526 2279 dispar
543 2209 597 2263 erit
614 2214 698 2278 atque

79 2288 210 2355 Disoolor,
228 2287 312 2341 infido
330 2302 440 2340 scurrae
457 2283 573 2339 distabit
589 2285 698 2338 amicus.

79 2363 131 2418 Est
146 2363 211 2417 huio
227 2362 366 2416 diversum
384 2361 450 2415 vitio
467 2361 565 2414 vitium
582 2376 667 2429 prope
684 2359 781 2427 maius,
918 2371 934 2411 σ

79 2439 224 2508 Asperitas
241 2437 357 2505 agrestis
374 2440 404 2490 et
421 2436 579 2489 inconcinna
596 2435 748 2502 gravisque,

79 2515 156 2579 Quae
173 2530 203 2568 se
220 2512 393 2567 commendat
409 2514 490 2565 tonsa
506 2514 578 2578 cute,
595 2509 726 2563 dentibus
743 2508 818 2578 atris,

78 2589 153 2645 Dum
169 2589 229 2643 vult
245 2588 360 2643 libertas
377 2586 432 2641 diei
449 2602 526 2640 mera
542 2601 663 2653 veraque
679 2584 775 2646 virtus,

80 2665 176 2720 Virtus
194 2668 238 2719 est
254 2664 375 2718 medium
392 2662 521 2716 vitiorum
539 2664 568 2715 et
585 2660 715 2729 utrinque
732 2660 886 2714 reductum.

79 2741 161 2794 Alter
178 2741 206 2793 in
223 2739 384 2806 obsequium
400 2738 462 2806 plus
479 2753 567 2804 aequo
585 2751 686 2803 pronus
704 2738 734 2789 et
750 2735 798 2787 imi
908 2751 932 2791 lo

79 2814 192 2867 Derisor
207 2813 273 2867 leoti
289 2814 329 2866 sio
346 2816 444 2866 nutum
462 2811 556 2865 divitis
574 2810 676 2878 horret,

78 2887 124 2940 Sio
140 2888 224 2940 iterat
240 2902 319 2940 voees
336 2890 367 2939 et
381 2886 466 2939 verba
483 2885 610 2939 cadentia
626 2885 708 2954 tollit,

79 2960 121 3013 llt
136 2975 252 3027 puerum
269 2976 349 3012 saevo
366 2960 461 3013 credas
479 2960 585 3015 dictata
602 2961 733 3029 magistro

80 3031 208 3085 Reddere
224 3032 269 3085 rel
282 3037 378 3100 partes
397 3034 509 3086 mimum
528 3038 648 3089 tractare
664 3033 804 3091 secundus
