<?xml version="1.0" encoding="UTF-8"?>
<!DOCTYPE html PUBLIC "-//W3C//DTD XHTML 1.0 Transitional//EN"
    "http://www.w3.org/TR/xhtml1/DTD/xhtml1-transitional.dtd">
<html xmlns="http://www.w3.org/1999/xhtml" xml:lang="en" lang="en">
 <head>
  <title>
</title>
<meta http-equiv="Content-Type" content="text/html;charset=utf-8" />
  <meta name='ocr-system' content='tesseract 3.04.00' />
  <meta name='ocr-capabilities' content='ocr_page ocr_carea ocr_par ocr_line ocrx_word'/>
</head>
<body>
  <div class='ocr_page' id='page_1' title='image "./quintihoratiifl02maclgoog_0188.png"; bbox 0 0 2025 3409; ppageno 0'>
   <div class='ocr_carea' id='block_1_1' title="bbox 62 62 771 287">
    <p class='ocr_par' dir='ltr' id='par_1_1' title="bbox 62 62 771 287">
     <span class='ocr_line' id='line_1_1' title="bbox 64 62 633 116; baseline -0.004 -3"><span class='ocrx_word' id='word_1_1' title='bbox 64 65 109 116; x_wconf 74' lang='lat'>174</span> <span class='ocrx_word' id='word_1_2' title='bbox 336 62 487 111; x_wconf 74' lang='lat' dir='ltr'>Bonam</span> <span class='ocrx_word' id='word_1_3' title='bbox 504 62 633 111; x_wconf 83' lang='lat' dir='ltr'><strong>FLAGOI</strong></span> 
     </span>
     <span class='ocr_line' id='line_1_2' title="bbox 62 141 771 210; baseline -0.007 -11"><span class='ocrx_word' id='word_1_4' title='bbox 62 144 187 199; x_wconf 75' lang='lat' dir='ltr'>Caesaris</span> <span class='ocrx_word' id='word_1_5' title='bbox 204 142 309 210; x_wconf 85' lang='lat' dir='ltr'>occepit</span> <span class='ocrx_word' id='word_1_6' title='bbox 325 143 439 210; x_wconf 76' lang='lat' dir='ltr'>genibus</span> <span class='ocrx_word' id='word_1_7' title='bbox 456 142 559 207; x_wconf 89' lang='lat' dir='ltr'>minor;</span> <span class='ocrx_word' id='word_1_8' title='bbox 579 158 662 195; x_wconf 83' lang='lat' dir='ltr'>aurea</span> <span class='ocrx_word' id='word_1_9' title='bbox 679 141 771 209; x_wconf 80' lang='lat' dir='ltr'>fruges</span> 
     </span>
     <span class='ocr_line' id='line_1_3' title="bbox 63 216 610 287; baseline -0.005 -14"><span class='ocrx_word' id='word_1_10' title='bbox 63 219 160 273; x_wconf 79' lang='lat' dir='ltr'>Italiae</span> <span class='ocrx_word' id='word_1_11' title='bbox 176 218 256 287; x_wconf 88' lang='lat' dir='ltr'>pleno</span> <span class='ocrx_word' id='word_1_12' title='bbox 274 218 401 271; x_wconf 74' lang='lat' dir='ltr'><strong>defundit</strong></span> <span class='ocrx_word' id='word_1_13' title='bbox 418 216 503 286; x_wconf 81' lang='lat' dir='ltr'>Copia</span> <span class='ocrx_word' id='word_1_14' title='bbox 520 233 610 271; x_wconf 86' lang='lat' dir='ltr'>corrm.</span> 
     </span>
    </p>
   </div>
   <div class='ocr_carea' id='block_1_2' title="bbox 59 439 918 1944">
    <p class='ocr_par' dir='ltr' id='par_1_2' title="bbox 62 439 703 511">
     <span class='ocr_line' id='line_1_4' title="bbox 62 439 703 511; baseline 0 -16"><span class='ocrx_word' id='word_1_15' title='bbox 62 440 105 495; x_wconf 80' lang='lat' dir='ltr'>Ur·</span> <span class='ocrx_word' id='word_1_16' title='bbox 121 442 338 511; x_wconf 87' lang='lat' dir='ltr'>proficiscentem</span> <span class='ocrx_word' id='word_1_17' title='bbox 356 442 436 495; x_wconf 89' lang='lat' dir='ltr'>docui</span> <span class='ocrx_word' id='word_1_18' title='bbox 452 445 483 495; x_wconf 89' lang='lat' dir='ltr'>te</span> <span class='ocrx_word' id='word_1_19' title='bbox 500 458 582 510; x_wconf 81' lang='lat' dir='ltr'>saepo</span> <span class='ocrx_word' id='word_1_20' title='bbox 600 439 703 510; x_wconf 88' lang='lat' dir='ltr'>dinqno</span> 
     </span>
    </p>

    <p class='ocr_par' dir='ltr' id='par_1_3' title="bbox 62 515 707 585">
     <span class='ocr_line' id='line_1_5' title="bbox 62 515 707 585; baseline -0.003 -15"><span class='ocrx_word' id='word_1_21' title='bbox 62 517 187 585; x_wconf 82' lang='lat' dir='ltr'>Augusto</span> <span class='ocrx_word' id='word_1_22' title='bbox 205 517 305 571; x_wconf 80' lang='lat' dir='ltr'>reddes</span> <span class='ocrx_word' id='word_1_23' title='bbox 322 517 430 585; x_wconf 82' lang='lat' dir='ltr'>signata</span> <span class='ocrx_word' id='word_1_24' title='bbox 446 516 590 583; x_wconf 84' lang='lat' dir='ltr'>volumino,</span> <span class='ocrx_word' id='word_1_25' title='bbox 608 515 681 583; x_wconf 89' lang='lat' dir='ltr'>Vini,</span> <span class='ocrx_word' id='word_1_26' title='bbox 701 550 707 561; x_wconf 85' lang='lat'><strong>·</strong></span> 
     </span>
    </p>

    <p class='ocr_par' dir='ltr' id='par_1_4' title="bbox 61 590 751 662">
     <span class='ocr_line' id='line_1_6' title="bbox 61 590 751 662; baseline 0 -17"><span class='ocrx_word' id='word_1_27' title='bbox 61 590 91 645; x_wconf 80' lang='lat' dir='ltr'>Si</span> <span class='ocrx_word' id='word_1_28' title='bbox 108 592 221 662; x_wconf 87' lang='lat' dir='ltr'>validus,</span> <span class='ocrx_word' id='word_1_29' title='bbox 238 593 262 647; x_wconf 93' lang='lat' dir='ltr'>si</span> <span class='ocrx_word' id='word_1_30' title='bbox 279 593 368 648; x_wconf 90' lang='lat' dir='ltr'>lactus</span> <span class='ocrx_word' id='word_1_31' title='bbox 385 593 446 660; x_wconf 86' lang='lat' dir='ltr'>erit,</span> <span class='ocrx_word' id='word_1_32' title='bbox 464 592 488 645; x_wconf 93' lang='lat' dir='ltr'>si</span> <span class='ocrx_word' id='word_1_33' title='bbox 505 592 623 660; x_wconf 89' lang='lat' dir='ltr'>denique</span> <span class='ocrx_word' id='word_1_34' title='bbox 640 594 751 659; x_wconf 85' lang='lat' dir='ltr'>poscet;</span> 
     </span>
    </p>

    <p class='ocr_par' dir='ltr' id='par_1_5' title="bbox 61 665 712 737">
     <span class='ocr_line' id='line_1_7' title="bbox 61 665 712 737; baseline -0.003 -16"><span class='ocrx_word' id='word_1_35' title='bbox 61 666 105 721; x_wconf 88' lang='lat' dir='ltr'>Ne</span> <span class='ocrx_word' id='word_1_36' title='bbox 122 668 213 723; x_wconf 90' lang='lat' dir='ltr'>studio</span> <span class='ocrx_word' id='word_1_37' title='bbox 230 669 317 722; x_wconf 83' lang='lat' dir='ltr'>nostri</span> <span class='ocrx_word' id='word_1_38' title='bbox 334 683 429 737; x_wconf 80' lang='lat' dir='ltr'>pecces</span> <span class='ocrx_word' id='word_1_39' title='bbox 446 667 595 735; x_wconf 85' lang='lat' dir='ltr'>odiumque</span> <span class='ocrx_word' id='word_1_40' title='bbox 613 665 712 720; x_wconf 89' lang='lat' dir='ltr'>libellis</span> 
     </span>
    </p>

    <p class='ocr_par' dir='ltr' id='par_1_6' title="bbox 61 741 918 887">
     <span class='ocr_line' id='line_1_8' title="bbox 61 741 918 812; baseline 0.001 -15"><span class='ocrx_word' id='word_1_41' title='bbox 61 742 177 798; x_wconf 80' lang='lat' dir='ltr'>Sedulus</span> <span class='ocrx_word' id='word_1_42' title='bbox 194 744 325 812; x_wconf 86' lang='lat' dir='ltr'>importes</span> <span class='ocrx_word' id='word_1_43' title='bbox 342 760 425 812; x_wconf 87' lang='lat' dir='ltr'>opera</span> <span class='ocrx_word' id='word_1_44' title='bbox 441 742 603 797; x_wconf 78' lang='lat' dir='ltr'>vehemente</span> <span class='ocrx_word' id='word_1_45' title='bbox 620 741 751 797; x_wconf 74' lang='lat' dir='ltr'>minister.</span> <span class='ocrx_word' id='word_1_46' title='bbox 903 758 918 798; x_wconf 81' lang='lat' dir='ltr'>s</span> 
     </span>
     <span class='ocr_line' id='line_1_9' title="bbox 61 816 763 887; baseline -0.001 -15"><span class='ocrx_word' id='word_1_47' title='bbox 61 819 90 873; x_wconf 88' lang='lat' dir='ltr'>Si</span> <span class='ocrx_word' id='word_1_48' title='bbox 107 824 137 874; x_wconf 91' lang='lat' dir='ltr'>te</span> <span class='ocrx_word' id='word_1_49' title='bbox 154 820 225 874; x_wconf 84' lang='lat' dir='ltr'>forte</span> <span class='ocrx_word' id='word_1_50' title='bbox 242 836 319 873; x_wconf 82' lang='lat' dir='ltr'>meae</span> <span class='ocrx_word' id='word_1_51' title='bbox 336 818 426 887; x_wconf 81' lang='lat' dir='ltr'>gravis</span> <span class='ocrx_word' id='word_1_52' title='bbox 443 822 507 872; x_wconf 83' lang='lat' dir='ltr'>mot</span> <span class='ocrx_word' id='word_1_53' title='bbox 524 818 629 871; x_wconf 85' lang='lat' dir='ltr'>sarcina</span> <span class='ocrx_word' id='word_1_54' title='bbox 645 816 763 885; x_wconf 85' lang='lat' dir='ltr'>chartac,</span> 
     </span>
    </p>

    <p class='ocr_par' dir='ltr' id='par_1_7' title="bbox 60 892 721 963">
     <span class='ocr_line' id='line_1_10' title="bbox 60 892 721 963; baseline -0.006 -14"><span class='ocrx_word' id='word_1_55' title='bbox 60 895 182 963; x_wconf 83' lang='lat' dir='ltr'>Abjicito</span> <span class='ocrx_word' id='word_1_56' title='bbox 199 896 290 963; x_wconf 90' lang='lat' dir='ltr'>potius</span> <span class='ocrx_word' id='word_1_57' title='bbox 308 911 390 963; x_wconf 83' lang='lat' dir='ltr'>quam</span> <span class='ocrx_word' id='word_1_58' title='bbox 408 910 461 962; x_wconf 92' lang='lat' dir='ltr'>quo</span> <span class='ocrx_word' id='word_1_59' title='bbox 479 893 600 961; x_wconf 83' lang='lat' dir='ltr'>perferre</span> <span class='ocrx_word' id='word_1_60' title='bbox 614 892 721 961; x_wconf 83' lang='lat' dir='ltr'>juberis</span> 
     </span>
    </p>

    <p class='ocr_par' dir='ltr' id='par_1_8' title="bbox 60 968 769 1115">
     <span class='ocr_line' id='line_1_11' title="bbox 60 968 769 1038; baseline -0.003 -14"><span class='ocrx_word' id='word_1_61' title='bbox 60 970 183 1025; x_wconf 82' lang='lat' dir='ltr'>Clitellas</span> <span class='ocrx_word' id='word_1_62' title='bbox 200 971 275 1025; x_wconf 86' lang='lat' dir='ltr'>ferus</span> <span class='ocrx_word' id='word_1_63' title='bbox 292 970 433 1038; x_wconf 77' lang='lat' dir='ltr'>impingas,</span> <span class='ocrx_word' id='word_1_64' title='bbox 452 968 610 1037; x_wconf 82' lang='lat' dir='ltr'>Asinaeque</span> <span class='ocrx_word' id='word_1_65' title='bbox 627 972 769 1037; x_wconf 80' lang='lat' dir='ltr'>paternum</span> 
     </span>
     <span class='ocr_line' id='line_1_12' title="bbox 61 1043 703 1115; baseline -0.006 -14"><span class='ocrx_word' id='word_1_66' title='bbox 61 1046 216 1115; x_wconf 77' lang='lat' dir='ltr'>Oognomen</span> <span class='ocrx_word' id='word_1_67' title='bbox 233 1050 324 1099; x_wconf 83' lang='lat' dir='ltr'>vertas</span> <span class='ocrx_word' id='word_1_68' title='bbox 341 1047 370 1099; x_wconf 90' lang='lat' dir='ltr'>in</span> <span class='ocrx_word' id='word_1_69' title='bbox 387 1046 473 1098; x_wconf 86' lang='lat' dir='ltr'>risum</span> <span class='ocrx_word' id='word_1_70' title='bbox 491 1048 521 1099; x_wconf 89' lang='lat' dir='ltr'>et</span> <span class='ocrx_word' id='word_1_71' title='bbox 538 1043 629 1097; x_wconf 82' lang='lat' dir='ltr'>fabula</span> <span class='ocrx_word' id='word_1_72' title='bbox 646 1044 703 1097; x_wconf 85' lang='lat' dir='ltr'>fios.</span> 
     </span>
    </p>

    <p class='ocr_par' dir='ltr' id='par_1_9' title="bbox 60 1118 916 1267">
     <span class='ocr_line' id='line_1_13' title="bbox 60 1118 916 1189; baseline -0.007 -14"><span class='ocrx_word' id='word_1_73' title='bbox 60 1122 174 1175; x_wconf 85' lang='lat' dir='ltr'>Viribus</span> <span class='ocrx_word' id='word_1_74' title='bbox 191 1122 277 1175; x_wconf 89' lang='lat' dir='ltr'>uteris</span> <span class='ocrx_word' id='word_1_75' title='bbox 294 1136 344 1189; x_wconf 87' lang='lat' dir='ltr'>per</span> <span class='ocrx_word' id='word_1_76' title='bbox 360 1120 451 1188; x_wconf 87' lang='lat' dir='ltr'>clivos,</span> <span class='ocrx_word' id='word_1_77' title='bbox 468 1120 587 1186; x_wconf 86' lang='lat' dir='ltr'>flumina,</span> <span class='ocrx_word' id='word_1_78' title='bbox 606 1118 708 1185; x_wconf 49' lang='lat' dir='ltr'>lamns3¹</span> <span class='ocrx_word' id='word_1_79' title='bbox 892 1134 916 1173; x_wconf 81' lang='lat' dir='ltr'>n.</span> 
     </span>
     <span class='ocr_line' id='line_1_14' title="bbox 60 1194 713 1267; baseline -0.006 -16"><span class='ocrx_word' id='word_1_80' title='bbox 60 1197 157 1252; x_wconf 84' lang='lat' dir='ltr'>Victor</span> <span class='ocrx_word' id='word_1_81' title='bbox 173 1197 306 1267; x_wconf 80' lang='lat' dir='ltr'>propositi</span> <span class='ocrx_word' id='word_1_82' title='bbox 324 1196 404 1250; x_wconf 89' lang='lat' dir='ltr'>simul</span> <span class='ocrx_word' id='word_1_83' title='bbox 421 1212 453 1249; x_wconf 88' lang='lat' dir='ltr'>ac</span> <span class='ocrx_word' id='word_1_84' title='bbox 469 1195 625 1264; x_wconf 80' lang='lat' dir='ltr'>perveneris</span> <span class='ocrx_word' id='word_1_85' title='bbox 643 1194 713 1263; x_wconf 88' lang='lat' dir='ltr'>illue,</span> 
     </span>
    </p>

    <p class='ocr_par' dir='ltr' id='par_1_10' title="bbox 60 1268 804 1417">
     <span class='ocr_line' id='line_1_15' title="bbox 60 1268 746 1342; baseline -0.009 -14"><span class='ocrx_word' id='word_1_86' title='bbox 60 1274 106 1328; x_wconf 81' lang='lat' dir='ltr'>Sic</span> <span class='ocrx_word' id='word_1_87' title='bbox 122 1275 241 1342; x_wconf 89' lang='lat' dir='ltr'>positum</span> <span class='ocrx_word' id='word_1_88' title='bbox 259 1271 381 1327; x_wconf 88' lang='lat' dir='ltr'>servabis</span> <span class='ocrx_word' id='word_1_89' title='bbox 398 1287 474 1339; x_wconf 91' lang='lat' dir='ltr'>onus,</span> <span class='ocrx_word' id='word_1_90' title='bbox 491 1287 527 1323; x_wconf 91' lang='lat' dir='ltr'>ne</span> <span class='ocrx_word' id='word_1_91' title='bbox 544 1271 615 1323; x_wconf 86' lang='lat' dir='ltr'>forte</span> <span class='ocrx_word' id='word_1_92' title='bbox 634 1269 685 1323; x_wconf 91' lang='lat' dir='ltr'>sub</span> <span class='ocrx_word' id='word_1_93' title='bbox 702 1268 746 1323; x_wconf 83' lang='lat' dir='ltr'>ala</span> 
     </span>
     <span class='ocr_line' id='line_1_16' title="bbox 61 1346 804 1417; baseline -0.007 -14"><span class='ocrx_word' id='word_1_94' title='bbox 61 1349 230 1403; x_wconf 82' lang='lat' dir='ltr'>Fasciculum</span> <span class='ocrx_word' id='word_1_95' title='bbox 247 1352 340 1417; x_wconf 88' lang='lat' dir='ltr'>portes</span> <span class='ocrx_word' id='word_1_96' title='bbox 356 1346 495 1413; x_wconf 89' lang='lat' dir='ltr'>librorum,</span> <span class='ocrx_word' id='word_1_97' title='bbox 513 1349 545 1399; x_wconf 88' lang='lat' dir='ltr'>ut</span> <span class='ocrx_word' id='word_1_98' title='bbox 563 1346 680 1399; x_wconf 70' lang='lat' dir='ltr'>rusticus</span> <span class='ocrx_word' id='word_1_99' title='bbox 697 1360 804 1413; x_wconf 84' lang='lat' dir='ltr'>agnum,</span> 
     </span>
    </p>

    <p class='ocr_par' dir='ltr' id='par_1_11' title="bbox 59 1420 740 1492">
     <span class='ocr_line' id='line_1_17' title="bbox 59 1420 740 1492; baseline -0.01 -13"><span class='ocrx_word' id='word_1_100' title='bbox 59 1424 101 1479; x_wconf 87' lang='lat' dir='ltr'>Ut</span> <span class='ocrx_word' id='word_1_101' title='bbox 117 1425 209 1478; x_wconf 81' lang='lat' dir='ltr'>vinoso</span> <span class='ocrx_word' id='word_1_102' title='bbox 226 1424 332 1492; x_wconf 84' lang='lat' dir='ltr'>glomus</span> <span class='ocrx_word' id='word_1_103' title='bbox 349 1422 467 1477; x_wconf 77' lang='lat' dir='ltr'>furtivae</span> <span class='ocrx_word' id='word_1_104' title='bbox 486 1420 600 1489; x_wconf 81' lang='lat' dir='ltr'>Pyrrhia</span> <span class='ocrx_word' id='word_1_105' title='bbox 617 1420 702 1488; x_wconf 83' lang='lat' dir='ltr'>lunae,</span> <span class='ocrx_word' id='word_1_106' title='bbox 735 1480 740 1490; x_wconf 44' lang='lat'>‚</span> 
     </span>
    </p>

    <p class='ocr_par' dir='ltr' id='par_1_12' title="bbox 60 1495 660 1567">
     <span class='ocr_line' id='line_1_18' title="bbox 60 1495 660 1567; baseline -0.005 -13"><span class='ocrx_word' id='word_1_107' title='bbox 60 1498 101 1554; x_wconf 89' lang='lat' dir='ltr'>Ut</span> <span class='ocrx_word' id='word_1_108' title='bbox 118 1516 179 1553; x_wconf 90' lang='lat' dir='ltr'>cum</span> <span class='ocrx_word' id='word_1_109' title='bbox 196 1499 294 1567; x_wconf 92' lang='lat' dir='ltr'>pileolo</span> <span class='ocrx_word' id='word_1_110' title='bbox 312 1497 399 1552; x_wconf 83' lang='lat' dir='ltr'>solcas</span> <span class='ocrx_word' id='word_1_111' title='bbox 416 1498 528 1551; x_wconf 86' lang='lat' dir='ltr'>conviva</span> <span class='ocrx_word' id='word_1_112' title='bbox 545 1495 660 1551; x_wconf 75' lang='lat' dir='ltr'>tribulis</span> 
     </span>
    </p>

    <p class='ocr_par' dir='ltr' id='par_1_13' title="bbox 60 1570 645 1642">
     <span class='ocr_line' id='line_1_19' title="bbox 60 1570 645 1642; baseline -0.007 -13"><span class='ocrx_word' id='word_1_113' title='bbox 60 1574 86 1629; x_wconf 85' lang='lat' dir='ltr'>N</span> <span class='ocrx_word' id='word_1_114' title='bbox 88 1592 105 1629; x_wconf 91' lang='lat' dir='ltr'>e</span> <span class='ocrx_word' id='word_1_115' title='bbox 120 1574 200 1642; x_wconf 83' lang='lat' dir='ltr'>vulgo</span> <span class='ocrx_word' id='word_1_116' title='bbox 217 1589 312 1627; x_wconf 85' lang='lat' dir='ltr'>narres</span> <span class='ocrx_word' id='word_1_117' title='bbox 329 1575 358 1626; x_wconf 91' lang='lat' dir='ltr'>te</span> <span class='ocrx_word' id='word_1_118' title='bbox 376 1572 516 1626; x_wconf 71' lang='lat' dir='ltr'>sudavisse</span> <span class='ocrx_word' id='word_1_119' title='bbox 533 1570 645 1625; x_wconf 86' lang='lat' dir='ltr'>ferendo</span> 
     </span>
    </p>

    <p class='ocr_par' dir='ltr' id='par_1_14' title="bbox 60 1644 783 1791">
     <span class='ocr_line' id='line_1_20' title="bbox 61 1644 783 1717; baseline -0.008 -12"><span class='ocrx_word' id='word_1_120' title='bbox 61 1648 195 1716; x_wconf 79' lang='lat' dir='ltr'>Carmina,</span> <span class='ocrx_word' id='word_1_121' title='bbox 213 1664 283 1716; x_wconf 88' lang='lat' dir='ltr'>quae</span> <span class='ocrx_word' id='word_1_122' title='bbox 300 1647 406 1717; x_wconf 90' lang='lat' dir='ltr'>possint</span> <span class='ocrx_word' id='word_1_123' title='bbox 423 1648 514 1701; x_wconf 90' lang='lat' dir='ltr'>oculos</span> <span class='ocrx_word' id='word_1_124' title='bbox 532 1662 666 1715; x_wconf 85' lang='lat' dir='ltr'>auresque</span> <span class='ocrx_word' id='word_1_125' title='bbox 685 1644 783 1700; x_wconf 84' lang='lat' dir='ltr'>morari</span> 
     </span>
     <span class='ocr_line' id='line_1_21' title="bbox 60 1722 718 1791; baseline -0.009 -12"><span class='ocrx_word' id='word_1_126' title='bbox 60 1725 198 1788; x_wconf 80' lang='lat' dir='ltr'>Caesaris3</span> <span class='ocrx_word' id='word_1_127' title='bbox 215 1728 308 1777; x_wconf 83' lang='lat' dir='ltr'>oratus</span> <span class='ocrx_word' id='word_1_128' title='bbox 325 1722 412 1777; x_wconf 90' lang='lat' dir='ltr'>multa</span> <span class='ocrx_word' id='word_1_129' title='bbox 427 1740 509 1791; x_wconf 88' lang='lat' dir='ltr'>prece</span> <span class='ocrx_word' id='word_1_130' title='bbox 526 1723 614 1775; x_wconf 88' lang='lat' dir='ltr'>nitere</span> <span class='ocrx_word' id='word_1_131' title='bbox 631 1737 718 1790; x_wconf 89' lang='lat' dir='ltr'>porro.</span> 
     </span>
    </p>

    <p class='ocr_par' dir='ltr' id='par_1_15' title="bbox 60 1796 901 1944">
     <span class='ocr_line' id='line_1_22' title="bbox 60 1796 901 1944; baseline -0.008 -89"><span class='ocrx_word' id='word_1_132' title='bbox 60 1801 147 1869; x_wconf 85' lang='lat' dir='ltr'>Vade,</span> <span class='ocrx_word' id='word_1_133' title='bbox 164 1799 231 1866; x_wconf 88' lang='lat' dir='ltr'>vale,</span> <span class='ocrx_word' id='word_1_134' title='bbox 249 1815 314 1853; x_wconf 84' lang='lat' dir='ltr'>cave</span> <span class='ocrx_word' id='word_1_135' title='bbox 330 1814 366 1851; x_wconf 86' lang='lat' dir='ltr'>ne</span> <span class='ocrx_word' id='word_1_136' title='bbox 383 1798 487 1852; x_wconf 84' lang='lat' dir='ltr'>titubes</span> <span class='ocrx_word' id='word_1_137' title='bbox 504 1797 686 1866; x_wconf 81' lang='lat' dir='ltr'>mandataque</span> <span class='ocrx_word' id='word_1_138' title='bbox 706 1796 901 1944; x_wconf 43' lang='grc' dir='ltr'>ἰταῃςιιιιγ</span> 
     </span>
    </p>
   </div>
   <div class='ocr_carea' id='block_1_3' title="bbox 444 1941 524 1997">
    <p class='ocr_par' dir='ltr' id='par_1_16' title="bbox 444 1941 524 1997">
     <span class='ocr_line' id='line_1_23' title="bbox 444 1941 524 1997; baseline 0.025 -2"><span class='ocrx_word' id='word_1_139' title='bbox 444 1941 524 1997; x_wconf 89' lang='lat' dir='ltr'>XlV.</span> 
     </span>
    </p>
   </div>
   <div class='ocr_carea' id='block_1_4' title="bbox 57 2021 910 3144">
    <p class='ocr_par' dir='ltr' id='par_1_17' title="bbox 60 2021 780 2090">
     <span class='ocr_line' id='line_1_24' title="bbox 60 2021 780 2090; baseline -0.011 -8"><span class='ocrx_word' id='word_1_140' title='bbox 60 2028 179 2082; x_wconf 81' lang='lat' dir='ltr'>mecn</span> <span class='ocrx_word' id='word_1_141' title='bbox 197 2027 323 2081; x_wconf 84' lang='lat' dir='ltr'>silvarum</span> <span class='ocrx_word' id='word_1_142' title='bbox 341 2028 370 2080; x_wconf 89' lang='lat' dir='ltr'>et</span> <span class='ocrx_word' id='word_1_143' title='bbox 387 2024 455 2076; x_wconf 92' lang='lat' dir='ltr'>mihi</span> <span class='ocrx_word' id='word_1_144' title='bbox 471 2040 517 2077; x_wconf 87' lang='lat' dir='ltr'>mc</span> <span class='ocrx_word' id='word_1_145' title='bbox 534 2022 675 2076; x_wconf 89' lang='lat' dir='ltr'>reddentis</span> <span class='ocrx_word' id='word_1_146' title='bbox 693 2021 780 2090; x_wconf 79' lang='lat' dir='ltr'>agolli,</span> 
     </span>
    </p>

    <p class='ocr_par' dir='ltr' id='par_1_18' title="bbox 61 2097 763 2168">
     <span class='ocr_line' id='line_1_25' title="bbox 61 2097 763 2168; baseline -0.007 -11"><span class='ocrx_word' id='word_1_147' title='bbox 61 2104 148 2168; x_wconf 82' lang='lat' dir='ltr'>Quem</span> <span class='ocrx_word' id='word_1_148' title='bbox 165 2108 197 2157; x_wconf 87' lang='lat' dir='ltr'>tu</span> <span class='ocrx_word' id='word_1_149' title='bbox 213 2102 322 2155; x_wconf 81' lang='lat' dir='ltr'>fastidis</span> <span class='ocrx_word' id='word_1_150' title='bbox 339 2098 492 2154; x_wconf 78' lang='lat' dir='ltr'>habitatum</span> <span class='ocrx_word' id='word_1_151' title='bbox 510 2098 630 2167; x_wconf 88' lang='lat' dir='ltr'>quinque</span> <span class='ocrx_word' id='word_1_152' title='bbox 649 2097 715 2151; x_wconf 86' lang='lat' dir='ltr'>locis</span> <span class='ocrx_word' id='word_1_153' title='bbox 732 2103 763 2152; x_wconf 88' lang='lat' dir='ltr'>et</span> 
     </span>
    </p>

    <p class='ocr_par' dir='ltr' id='par_1_19' title="bbox 60 2174 818 2321">
     <span class='ocr_line' id='line_1_26' title="bbox 60 2174 818 2248; baseline -0.007 -16"><span class='ocrx_word' id='word_1_154' title='bbox 60 2179 185 2248; x_wconf 79' lang='lat' dir='ltr'>Quinque</span> <span class='ocrx_word' id='word_1_155' title='bbox 202 2178 286 2230; x_wconf 91' lang='lat' dir='ltr'>bonos</span> <span class='ocrx_word' id='word_1_156' title='bbox 304 2177 414 2230; x_wconf 87' lang='lat' dir='ltr'>solitum</span> <span class='ocrx_word' id='word_1_157' title='bbox 432 2174 545 2227; x_wconf 82' lang='lat' dir='ltr'>Variam</span> <span class='ocrx_word' id='word_1_158' title='bbox 563 2174 703 2227; x_wconf 85' lang='lat' dir='ltr'>dimittere</span> <span class='ocrx_word' id='word_1_159' title='bbox 719 2176 818 2242; x_wconf 87' lang='lat' dir='ltr'>patres,</span> 
     </span>
     <span class='ocr_line' id='line_1_27' title="bbox 60 2249 735 2321; baseline -0.013 -12"><span class='ocrx_word' id='word_1_160' title='bbox 60 2255 203 2309; x_wconf 80' lang='lat' dir='ltr'>Certemus</span> <span class='ocrx_word' id='word_1_161' title='bbox 220 2253 310 2321; x_wconf 84' lang='lat' dir='ltr'>spinas</span> <span class='ocrx_word' id='word_1_162' title='bbox 327 2252 451 2305; x_wconf 85' lang='lat' dir='ltr'>animone</span> <span class='ocrx_word' id='word_1_163' title='bbox 468 2266 519 2316; x_wconf 84' lang='lat' dir='ltr'>ego</span> <span class='ocrx_word' id='word_1_164' title='bbox 536 2249 633 2301; x_wconf 86' lang='lat' dir='ltr'>fortius</span> <span class='ocrx_word' id='word_1_165' title='bbox 651 2265 685 2301; x_wconf 88' lang='lat' dir='ltr'>an</span> <span class='ocrx_word' id='word_1_166' title='bbox 702 2252 735 2302; x_wconf 92' lang='lat' dir='ltr'>tu</span> 
     </span>
    </p>

    <p class='ocr_par' dir='ltr' id='par_1_20' title="bbox 59 2324 910 2474">
     <span class='ocr_line' id='line_1_28' title="bbox 60 2324 910 2396; baseline -0.007 -13"><span class='ocrx_word' id='word_1_167' title='bbox 60 2330 168 2385; x_wconf 87' lang='lat' dir='ltr'>Evellas</span> <span class='ocrx_word' id='word_1_168' title='bbox 184 2346 257 2396; x_wconf 86' lang='lat' dir='ltr'>agro,</span> <span class='ocrx_word' id='word_1_169' title='bbox 276 2331 305 2381; x_wconf 89' lang='lat' dir='ltr'>ct</span> <span class='ocrx_word' id='word_1_170' title='bbox 322 2326 417 2379; x_wconf 90' lang='lat' dir='ltr'>melior</span> <span class='ocrx_word' id='word_1_171' title='bbox 434 2326 471 2379; x_wconf 89' lang='lat' dir='ltr'>sit</span> <span class='ocrx_word' id='word_1_172' title='bbox 490 2324 623 2378; x_wconf 85' lang='lat' dir='ltr'>Horatius</span> <span class='ocrx_word' id='word_1_173' title='bbox 641 2341 675 2377; x_wconf 86' lang='lat' dir='ltr'>on</span> <span class='ocrx_word' id='word_1_174' title='bbox 694 2340 744 2379; x_wconf 73' lang='lat' dir='ltr'>res</span> <span class='ocrx_word' id='word_1_175' title='bbox 895 2341 910 2381; x_wconf 75' lang='lat' dir='ltr'>a</span> 
     </span>
     <span class='ocr_line' id='line_1_29' title="bbox 59 2401 749 2474; baseline -0.014 -13"><span class='ocrx_word' id='word_1_176' title='bbox 59 2405 107 2461; x_wconf 90' lang='lat' dir='ltr'>Mc</span> <span class='ocrx_word' id='word_1_177' title='bbox 124 2404 247 2474; x_wconf 81' lang='lat' dir='ltr'>quumvis</span> <span class='ocrx_word' id='word_1_178' title='bbox 265 2403 376 2456; x_wconf 85' lang='lat' dir='ltr'>Lamiae</span> <span class='ocrx_word' id='word_1_179' title='bbox 393 2401 481 2469; x_wconf 88' lang='lat' dir='ltr'>pietas</span> <span class='ocrx_word' id='word_1_180' title='bbox 499 2403 529 2454; x_wconf 86' lang='lat' dir='ltr'>et</span> <span class='ocrx_word' id='word_1_181' title='bbox 547 2416 612 2452; x_wconf 85' lang='lat' dir='ltr'>cura</span> <span class='ocrx_word' id='word_1_182' title='bbox 629 2403 749 2452; x_wconf 84' lang='lat' dir='ltr'>moratur</span> 
     </span>
    </p>

    <p class='ocr_par' dir='ltr' id='par_1_21' title="bbox 59 2474 749 2623">
     <span class='ocr_line' id='line_1_30' title="bbox 60 2474 744 2546; baseline -0.012 -11"><span class='ocrx_word' id='word_1_183' title='bbox 60 2480 186 2535; x_wconf 82' lang='lat' dir='ltr'>Fratrem</span> <span class='ocrx_word' id='word_1_184' title='bbox 203 2478 358 2546; x_wconf 82' lang='lat' dir='ltr'>maerentis,</span> <span class='ocrx_word' id='word_1_185' title='bbox 375 2480 454 2545; x_wconf 88' lang='lat' dir='ltr'>rapto</span> <span class='ocrx_word' id='word_1_186' title='bbox 472 2477 507 2529; x_wconf 90' lang='lat' dir='ltr'>de</span> <span class='ocrx_word' id='word_1_187' title='bbox 525 2476 610 2529; x_wconf 84' lang='lat' dir='ltr'>fratre</span> <span class='ocrx_word' id='word_1_188' title='bbox 628 2474 744 2528; x_wconf 87' lang='lat' dir='ltr'>dolentis</span> 
     </span>
     <span class='ocr_line' id='line_1_31' title="bbox 59 2552 749 2623; baseline -0.007 -13"><span class='ocrx_word' id='word_1_189' title='bbox 59 2556 249 2623; x_wconf 86' lang='lat' dir='ltr'>Insolabiliter,</span> <span class='ocrx_word' id='word_1_190' title='bbox 266 2558 358 2608; x_wconf 88' lang='lat' dir='ltr'>tamen</span> <span class='ocrx_word' id='word_1_191' title='bbox 376 2553 447 2605; x_wconf 91' lang='lat' dir='ltr'>istuc</span> <span class='ocrx_word' id='word_1_192' title='bbox 464 2568 540 2605; x_wconf 89' lang='lat' dir='ltr'>mens</span> <span class='ocrx_word' id='word_1_193' title='bbox 557 2552 716 2618; x_wconf 84' lang='lat' dir='ltr'>animusque</span> <span class='ocrx_word' id='word_1_194' title='bbox 746 2599 749 2605; x_wconf 93' lang='lat'>.</span> 
     </span>
    </p>

    <p class='ocr_par' dir='ltr' id='par_1_22' title="bbox 59 2625 813 2698">
     <span class='ocr_line' id='line_1_32' title="bbox 59 2625 813 2698; baseline -0.009 -12"><span class='ocrx_word' id='word_1_195' title='bbox 59 2631 127 2686; x_wconf 80' lang='lat' dir='ltr'>Fert</span> <span class='ocrx_word' id='word_1_196' title='bbox 144 2636 174 2686; x_wconf 91' lang='lat' dir='ltr'>et</span> <span class='ocrx_word' id='word_1_197' title='bbox 190 2633 265 2685; x_wconf 88' lang='lat' dir='ltr'>amat</span> <span class='ocrx_word' id='word_1_198' title='bbox 282 2629 376 2698; x_wconf 87' lang='lat' dir='ltr'>spatiis</span> <span class='ocrx_word' id='word_1_199' title='bbox 392 2626 529 2681; x_wconf 85' lang='lat' dir='ltr'>obstantia</span> <span class='ocrx_word' id='word_1_200' title='bbox 546 2641 673 2695; x_wconf 86' lang='lat' dir='ltr'>rumpere</span> <span class='ocrx_word' id='word_1_201' title='bbox 689 2625 813 2679; x_wconf 76' lang='lat' dir='ltr'>claustra</span> 
     </span>
    </p>

    <p class='ocr_par' dir='ltr' id='par_1_23' title="bbox 59 2700 909 2849">
     <span class='ocr_line' id='line_1_33' title="bbox 59 2700 909 2774; baseline -0.006 -13"><span class='ocrx_word' id='word_1_202' title='bbox 59 2707 134 2760; x_wconf 87' lang='lat' dir='ltr'>Rure</span> <span class='ocrx_word' id='word_1_203' title='bbox 152 2723 202 2774; x_wconf 86' lang='lat' dir='ltr'>ego</span> <span class='ocrx_word' id='word_1_204' title='bbox 219 2706 363 2769; x_wconf 85' lang='lat' dir='ltr'>viventem,</span> <span class='ocrx_word' id='word_1_205' title='bbox 380 2706 413 2756; x_wconf 92' lang='lat' dir='ltr'>tu</span> <span class='ocrx_word' id='word_1_206' title='bbox 430 2702 499 2755; x_wconf 89' lang='lat' dir='ltr'>dicis</span> <span class='ocrx_word' id='word_1_207' title='bbox 516 2702 544 2755; x_wconf 92' lang='lat' dir='ltr'>in</span> <span class='ocrx_word' id='word_1_208' title='bbox 561 2701 629 2754; x_wconf 90' lang='lat' dir='ltr'>urbe</span> <span class='ocrx_word' id='word_1_209' title='bbox 646 2700 772 2755; x_wconf 84' lang='lat' dir='ltr'>beatum:</span> <span class='ocrx_word' id='word_1_210' title='bbox 885 2716 909 2757; x_wconf 82' lang='lat' dir='ltr'>ro</span> 
     </span>
     <span class='ocr_line' id='line_1_34' title="bbox 59 2776 779 2849; baseline -0.01 -14"><span class='ocrx_word' id='word_1_211' title='bbox 59 2782 109 2835; x_wconf 80' lang='lat' dir='ltr'>Oui</span> <span class='ocrx_word' id='word_1_212' title='bbox 126 2782 216 2849; x_wconf 84' lang='lat' dir='ltr'>placet</span> <span class='ocrx_word' id='word_1_213' title='bbox 232 2779 344 2833; x_wconf 74' lang='lat' dir='ltr'>alterius</span> <span class='ocrx_word' id='word_1_214' title='bbox 361 2794 411 2831; x_wconf 86' lang='lat' dir='ltr'>sua</span> <span class='ocrx_word' id='word_1_215' title='bbox 427 2778 556 2830; x_wconf 79' lang='lat' dir='ltr'>nimIrum</span> <span class='ocrx_word' id='word_1_216' title='bbox 574 2780 617 2830; x_wconf 91' lang='lat' dir='ltr'>est</span> <span class='ocrx_word' id='word_1_217' title='bbox 633 2776 696 2830; x_wconf 93' lang='lat' dir='ltr'>odio</span> <span class='ocrx_word' id='word_1_218' title='bbox 713 2792 779 2831; x_wconf 86' lang='lat' dir='ltr'>sors.</span> 
     </span>
    </p>

    <p class='ocr_par' dir='ltr' id='par_1_24' title="bbox 58 2850 854 2921">
     <span class='ocr_line' id='line_1_35' title="bbox 58 2850 854 2921; baseline -0.001 -14"><span class='ocrx_word' id='word_1_219' title='bbox 58 2854 164 2907; x_wconf 79' lang='lat' dir='ltr'>Stultus</span> <span class='ocrx_word' id='word_1_220' title='bbox 181 2857 298 2921; x_wconf 89' lang='lat' dir='ltr'>uterque</span> <span class='ocrx_word' id='word_1_221' title='bbox 315 2852 403 2905; x_wconf 86' lang='lat' dir='ltr'>locum</span> <span class='ocrx_word' id='word_1_222' title='bbox 420 2852 587 2905; x_wconf 88' lang='lat' dir='ltr'>immeritum</span> <span class='ocrx_word' id='word_1_223' title='bbox 605 2854 731 2905; x_wconf 67' lang='lat' dir='ltr'>causatur</span> <span class='ocrx_word' id='word_1_224' title='bbox 748 2850 854 2919; x_wconf 87' lang='lat' dir='ltr'>iniquo:</span> 
     </span>
    </p>

    <p class='ocr_par' dir='ltr' id='par_1_25' title="bbox 58 2926 821 2995">
     <span class='ocr_line' id='line_1_36' title="bbox 58 2926 821 2995; baseline -0.001 -15"><span class='ocrx_word' id='word_1_225' title='bbox 58 2927 92 2980; x_wconf 90' lang='lat' dir='ltr'>In</span> <span class='ocrx_word' id='word_1_226' title='bbox 110 2929 189 2994; x_wconf 84' lang='lat' dir='ltr'>culpa</span> <span class='ocrx_word' id='word_1_227' title='bbox 206 2932 249 2980; x_wconf 89' lang='lat' dir='ltr'>cst</span> <span class='ocrx_word' id='word_1_228' title='bbox 266 2928 378 2993; x_wconf 82' lang='lat' dir='ltr'>animus,</span> <span class='ocrx_word' id='word_1_229' title='bbox 396 2927 444 2994; x_wconf 90' lang='lat' dir='ltr'>qui</span> <span class='ocrx_word' id='word_1_230' title='bbox 461 2943 491 2979; x_wconf 90' lang='lat' dir='ltr'>se</span> <span class='ocrx_word' id='word_1_231' title='bbox 510 2942 563 2978; x_wconf 89' lang='lat' dir='ltr'>non</span> <span class='ocrx_word' id='word_1_232' title='bbox 581 2926 677 2993; x_wconf 85' lang='lat' dir='ltr'>cffugit</span> <span class='ocrx_word' id='word_1_233' title='bbox 694 2942 821 2995; x_wconf 86' lang='lat' dir='ltr'>unquam.</span> 
     </span>
    </p>

    <p class='ocr_par' dir='ltr' id='par_1_26' title="bbox 57 2999 711 3068">
     <span class='ocr_line' id='line_1_37' title="bbox 57 2999 711 3068; baseline 0.005 -17"><span class='ocrx_word' id='word_1_234' title='bbox 57 2999 100 3051; x_wconf 79' lang='lat' dir='ltr'>Tu</span> <span class='ocrx_word' id='word_1_235' title='bbox 115 3001 292 3052; x_wconf 82' lang='lat' dir='ltr'>mediastinus</span> <span class='ocrx_word' id='word_1_236' title='bbox 310 3001 394 3052; x_wconf 88' lang='lat' dir='ltr'>tacita</span> <span class='ocrx_word' id='word_1_237' title='bbox 411 3017 491 3065; x_wconf 86' lang='lat' dir='ltr'>prece</span> <span class='ocrx_word' id='word_1_238' title='bbox 510 3017 573 3052; x_wconf 81' lang='lat' dir='ltr'>rura</span> <span class='ocrx_word' id='word_1_239' title='bbox 590 3001 711 3068; x_wconf 84' lang='lat' dir='ltr'>petebas,</span> 
     </span>
    </p>

    <p class='ocr_par' dir='ltr' id='par_1_27' title="bbox 57 3071 909 3144">
     <span class='ocr_line' id='line_1_38' title="bbox 57 3071 909 3144; baseline 0.006 -19"><span class='ocrx_word' id='word_1_240' title='bbox 57 3071 137 3125; x_wconf 83' lang='lat' dir='ltr'>Nunc</span> <span class='ocrx_word' id='word_1_241' title='bbox 153 3073 250 3125; x_wconf 90' lang='lat' dir='ltr'>urbem</span> <span class='ocrx_word' id='word_1_242' title='bbox 267 3077 297 3126; x_wconf 88' lang='lat' dir='ltr'>ct</span> <span class='ocrx_word' id='word_1_243' title='bbox 312 3073 392 3125; x_wconf 85' lang='lat' dir='ltr'>ludos</span> <span class='ocrx_word' id='word_1_244' title='bbox 409 3076 439 3125; x_wconf 91' lang='lat' dir='ltr'>et</span> <span class='ocrx_word' id='word_1_245' title='bbox 456 3074 553 3135; x_wconf 79' lang='lat' dir='ltr'>balnea</span> <span class='ocrx_word' id='word_1_246' title='bbox 570 3074 675 3129; x_wconf 87' lang='lat' dir='ltr'>villicus</span> <span class='ocrx_word' id='word_1_247' title='bbox 692 3078 786 3144; x_wconf 74' lang='lat' dir='ltr'>optas3</span> <span class='ocrx_word' id='word_1_248' title='bbox 884 3093 909 3134; x_wconf 70' lang='grc' dir='ltr'>ιε</span> 
     </span>
    </p>
   </div>
   <div class='ocr_carea' id='block_1_5' title="bbox 0 0 1018 3409">
    <p class='ocr_par' dir='ltr' id='par_1_28' title="bbox 0 0 1018 3409">
     <span class='ocr_line' id='line_1_39' title="bbox 0 0 1018 3409; baseline 0 0"><span class='ocrx_word' id='word_1_249' title='bbox 0 0 1018 3409; x_wconf 95' lang='lat' dir='ltr'> </span> 
     </span>
    </p>
   </div>
  </div>
 </body>
</html>
